2808 3926
1032 379 1135 427 DE
1181 376 1713 430 INCHAFFERY.
2354 384 2380 435 7

370 606 531 673 Carta.
559 632 791 673 terrarum
821 623 1040 674 videlicet
1070 624 1131 674 de
1159 623 1377 673 Achlour
1407 651 1417 662 ·
1450 623 1692 690 Ardenny
1730 651 1741 663 ·
1783 622 2019 690 Ardbany
2051 651 2062 662 ·
2096 622 2344 672 Duffindir
2369 650 2380 662 ·

364 712 585 779 Balfoyer
609 739 621 752 ο
648 712 895 779 Balgilhen
926 742 936 752 ·
968 713 1118 762 tribus
1141 713 1261 762 acris
1283 712 1512 779 proximis
1535 713 1729 762 marefio
1753 712 1814 762 de
1838 711 2000 761 Foulis
2026 741 2037 752 ·
2064 712 2342 762 Ruchalach
2367 739 2379 751 ·

364 801 489 850 Item
530 802 591 851 de
632 801 831 851 ecclcfiis
867 802 928 851 de
968 801 1193 868 Strogeth
1230 829 1242 841 ·
1284 802 1472 868 Dunyn
1511 829 1522 840 ·
1558 800 1846 851 Abrothuen
1883 829 1896 842 ·
1937 801 2342 852 Ouchtirhardore
2368 828 2379 839 ·

366 889 577 956 Kynkell
601 917 613 929 ·
638 889 813 939 Fowlis
840 919 850 929 ·
873 890 1103 956 COadirdy
1128 916 1139 930 ·
1166 889 1468 957 COoyheuard
1493 917 1504 930 ·
1532 888 1780 956 Kylbryde
1805 917 1817 930 ·

305 1070 338 1114 3
366 1050 625 1118 Univerfis
673 1069 826 1118 sancte
867 1068 1031 1118 matris
1074 1068 1261 1118 ecclesie
1297 1067 1405 1117 filiis
1450 1078 1500 1118 et
1542 1067 1764 1118 fidelibus
1809 1067 2057 1120 Gilbertus
2108 1087 2266 1119 comes
2312 1070 2373 1118 de

363 1156 644 1224 Stratheryn
662 1157 857 1207 salutem
873 1184 886 1197 ·
902 1156 1104 1207 Noverit
1119 1157 1394 1207 vniuerfitas
1412 1158 1563 1207 vestra
1584 1175 1663 1208 me
1686 1159 1924 1224 quandam
1947 1160 2143 1209 domum
2164 1159 2375 1218 fundaffe

360 1246 410 1294 in
441 1245 670 1295 honorem
699 1245 798 1295 Dei
833 1254 882 1295 et
907 1245 1059 1295 sancte
1089 1245 1245 1298 marie
1274 1255 1323 1296 et
1350 1246 1495 1296 sancti
1521 1246 1558 1295 J
1560 1246 1761 1296 ohannis
1790 1246 1985 1312 apostoli
2008 1257 2057 1296 et
2079 1248 2374 1314 ewangeliste

359 1333 409 1381 in
432 1342 558 1382 terra
580 1351 688 1382 mea
709 1334 839 1400 apud
863 1332 1162 1382 Inchafferen
1185 1333 1346 1399 ibique
1369 1332 1620 1382 canonicos
1641 1331 1881 1399 regulares
1904 1332 2098 1399 posuifl'e
2124 1360 2134 1370 ·
2158 1334 2219 1382 ad
2242 1335 2376 1400 cujus

359 1422 530 1471 domus
566 1421 895 1471 fundationem
929 1431 979 1471 et
1015 1421 1351 1471 canonicorum
1389 1420 1773 1470 sustentationem
1811 1420 1964 1470 sciatis
2000 1438 2080 1470 me
2120 1421 2294 1470 dedifl'e
2328 1433 2376 1471 et

357 1510 614 1559 concefliffe
638 1519 686 1559 et
708 1509 799 1559 hac
822 1519 953 1559 carta
974 1527 1082 1559 mea
1104 1509 1395 1559 confirmafl'e
1418 1509 1657 1558 canonicis
1680 1508 1858 1558 ibidem
1872 1508 1984 1558 Deo
1999 1509 2307 1558 servientibus
2330 1520 2378 1559 et

355 1599 591 1648 servituris
629 1598 998 1648 Achadlunrech
1031 1607 1080 1649 et
1103 1598 1336 1648 Ardewin
1360 1607 1408 1648 et
1431 1598 1665 1664 Ardbany
1688 1607 1738 1647 et
1759 1596 2031 1664 Doffyndre
2054 1607 2102 1647 et
2125 1598 2294 1647 Balfur
2328 1609 2376 1648 et

357 1685 734 1753 Balmakgillone
764 1696 812 1736 et
841 1696 938 1749 tres
967 1704 1099 1737 acras
1129 1696 1254 1736 terre
1281 1685 1405 1735 illius
1434 1705 1526 1752 que
1554 1685 1772 1751 proxima
1802 1686 1868 1734 est
1898 1686 2092 1735 marisco
2115 1687 2175 1736 de
2199 1685 2374 1736 Fowlis

354 1775 510 1824 versus
550 1774 822 1840 aquilonem
861 1784 909 1824 et
948 1775 1108 1824 villam
1147 1793 1241 1841 que
1282 1774 1456 1824 dicitur
1495 1772 1809 1823 Runehalach
1849 1791 1992 1839 quam
2028 1773 2140 1823 dedi
2179 1774 2248 1823 eis
2287 1791 2374 1841 pro

357 1863 553 1912 decimis
597 1864 839 1912 lucrorum
885 1880 1100 1913 meorum
1141 1881 1233 1929 que
1271 1862 1554 1929 proveniant
1592 1861 1738 1911 michi
1777 1872 1826 1910 et
1865 1861 2120 1911 heredibus
2158 1861 2275 1911 meis
2315 1863 2375 1911 de

356 1950 539 2017 placitis
586 1960 634 2000 et
681 1950 883 2016 querelis
930 1951 991 2000 de
1038 1951 1268 2000 comitatu
1313 1969 1420 2000 meo
1462 1977 1474 1990 ·
1525 1951 1585 2000 de
1630 1948 1773 1999 lucris
1818 1959 1979 1999 autem
2024 1967 2116 2015 que
2161 1950 2279 1998 mihi
2325 1962 2374 1999 et

355 2039 610 2089 heredibus
655 2040 773 2088 meis
818 2038 1010 2088 aliunde
1050 2039 1246 2088 veniant
1285 2039 1352 2088 eis
1392 2039 1600 2088 decimas
1640 2038 1852 2105 plenarie
1895 2037 2214 2104 persoluemus
2261 2065 2273 2077 ·
2323 2047 2373 2088 et

354 2136 544 2177 tantum
589 2127 650 2176 de
696 2128 888 2176 marefio
933 2127 994 2176 dc
1038 2126 1214 2176 Fowlis
1265 2127 1515 2194 adjacente
1566 2126 1895 2192 prenominate
1947 2125 2094 2175 insule
2138 2136 2371 2191 quantum

352 2216 580 2265 vallatum
617 2216 683 2264 est
720 2216 779 2264 ab
818 2215 885 2264 eis
921 2215 1084 2264 fofl'ato
1118 2232 1244 2264 anno
1278 2215 1339 2264 ab
1373 2214 1696 2264 incarnatione
1730 2214 1933 2264 Domini
1961 2221 2026 2266 <0⁰
2049 2221 2122 2263 cc⁰
2145 2215 2247 2262 xix⁰
2278 2243 2288 2253 ·
2324 2225 2373 2263 et

352 2322 500 2353 vnum
531 2303 856 2352 molendinum
890 2303 1028 2369 super
1058 2302 1230 2370 Heryn
1260 2303 1391 2368 apud
1421 2302 1690 2368 Dunfallyn
1728 2302 1856 2368 quod
1891 2303 2200 2352 firmaverunt
2228 2305 2371 2369 juxta

351 2392 680 2441 molendinum
721 2409 884 2441 meum
924 2409 1034 2441 cum
1074 2391 1206 2440 omni
1246 2392 1533 2457 ayfiamento
1578 2390 1707 2456 quod
1751 2390 1993 2439 firmatum
2037 2391 2103 2440 est
2142 2409 2268 2441 anno
2307 2393 2368 2440 ab

351 2481 676 2530 incarnatione
699 2479 901 2529 Domini
923 2463 989 2531 <15⁰
1012 2485 1084 2528 00⁰
1106 2478 1209 2527 xix⁰
1239 2506 1250 2517 ·
1288 2477 1397 2528 Hec
1427 2487 1590 2527 autem
1620 2478 1780 2527 omnia
1806 2477 1912 2527 volo
1943 2487 1998 2527 ut
2027 2478 2198 2543 prefati
2225 2497 2369 2529 cano—

352 2570 446 2619 nici
476 2569 686 2618 habeant
720 2576 916 2617 teneant
946 2576 995 2616 et
1027 2566 1285 2633 poffideant
1315 2566 1366 2614 in
1399 2583 1570 2632 puram
1601 2575 1651 2615 et
1684 2576 1966 2633 perpetuam
2003 2566 2289 2616 elimofinam
2317 2569 2369 2616 in

350 2659 488 2707 bosco
519 2666 567 2706 et
596 2656 739 2723 plano
775 2656 824 2704 in
859 2656 997 2705 terris
1031 2664 1079 2704 et
1113 2655 1249 2720 aquis
1277 2655 1328 2703 in
1358 2655 1507 2721 pratis
1536 2663 1586 2704 et
1613 2654 1794 2721 pascuis
1822 2655 1873 2702 in
1898 2656 2044 2704 moris
2067 2665 2116 2704 ct
2138 2657 2366 2705 marrefiis

352 2747 401 2794 in
439 2745 616 2812 stagnis
652 2754 701 2795 et
738 2743 1022 2793 molendinis
1059 2743 1109 2791 in
1147 2742 1354 2810 piscariis
1392 2759 1479 2809 per
1518 2759 1682 2792 omnes
1721 2743 1870 2792 rectas
1910 2743 2013 2792 suas
2050 2743 2220 2792 diuisas
2256 2762 2365 2793 cum

352 2834 572 2883 omnibus
596 2833 733 2899 justis
768 2832 1069 2898 pertinentiis
1102 2832 1195 2881 suis
1230 2832 1297 2881 ita
1330 2831 1476 2882 libere
1510 2841 1559 2881 et
1593 2831 1751 2898 quiete
1785 2831 1994 2898 plenarie
2029 2842 2077 2881 et
2110 2832 2365 2882 honorifice

352 2922 468 2970 ficut
505 2920 663 2986 aliqua
703 2920 954 2970 elemofina
987 2920 1039 2968 in
1072 2928 1173 2969 toto
1207 2937 1354 2986 regno
1391 2918 1551 2969 Scotie
1587 2921 1648 2969 ab
1683 2919 1841 2986 aliquo
1877 2920 2048 2970 comite
2080 2920 2155 2969 vel
2190 2922 2365 2971 barone

351 3009 543 3059 liberius
582 3010 790 3075 quietius
825 3009 1066 3076 plenarius
1103 3018 1151 3058 et
1186 3008 1575 3058 honorificentius
1612 3018 1802 3058 tenetur
1837 3018 1885 3058 et
1921 3009 2175 3075 poffidetur
2207 3037 2218 3047 ·
2253 3009 2362 3075 Ego

353 3114 476 3146 vero·
497 3097 694 3147 heredes
727 3096 822 3146 mci
852 3106 1007 3146 totum
1036 3096 1316 3146 forinsecum
1345 3096 1587 3147 seruitium
1617 3096 1799 3146 domini
1828 3096 1975 3162 Regis
2004 3096 2132 3162 quod
2161 3096 2222 3145 ad
2251 3114 2362 3163 pre-
2392 3076 2403 3088 '
