2808 3926
1031 380 1134 428 DE
1179 377 1718 428 INCHAFFERY.
2326 385 2387 432 19

377 534 551 582 nentiis
591 534 681 581 suis
723 534 788 582 ita
827 533 972 582 libere
1012 543 1060 582 et
1100 534 1263 599 quiete
1302 532 1511 599 plenarie
1551 542 1599 582 et
1635 533 1893 582 honorifice
1930 533 2046 581 ficut
2085 542 2214 582 carte
2250 534 2390 600 ipsius

377 622 566 671 comitis
585 622 651 670 eis
668 622 777 670 inde
800 622 917 671 facte
942 623 1169 670 testantur
1192 621 1318 670 saluo
1340 621 1533 670 seruicio
1556 639 1663 670 meo
1687 647 1701 661 ο
1728 621 1949 670 Testibus
1965 620 2208 670 Willelmo
2221 622 2393 672 abbate

377 712 436 760 de
463 711 618 760 Scona
644 740 654 750 ·
683 710 919 760 Willelmo
944 711 1004 760 de
1028 711 1209 760 Boscho
1233 710 1510 760 cancellario
1534 728 1641 759 meo
1679 739 1689 749 ·
1722 710 1936 759 Waltero
1959 710 2056 759 filio
2079 710 2225 759 Alani
2246 712 2391 761 senes-

376 800 493 849 callo
510 829 520 839 ·
548 801 759 850 Henrico
778 801 837 850 de
856 800 1122 867 Bayleyhef
1142 829 1152 839 ·
1180 800 1394 850 Waltero
1414 801 1474 850 de
1498 800 1732 849 Fontibus
1754 828 1764 839 ·
1792 800 2004 849 Henrico
2027 800 2087 849 de
2114 799 2392 867 Streuyllyn

377 889 474 938 filio
497 890 681 939 comitis
704 890 867 938 David
905 918 916 929 ·
958 889 1181 938 Johanne
1204 889 1264 938 cle
1290 889 1435 955 Haya
1475 916 1488 929 ·
1517 888 1733 938 Waltero
1758 888 1934 938 Cumin
1976 916 1989 928 ·
2028 888 2306 939 Alexandro
2329 890 2389 939 de

381 978 561 1027 Setona
587 1006 597 1017 ·
635 977 873 1027 Willelmo
897 977 957 1027 de
981 977 1236 1044 Lyndesay
1260 976 1357 1026 filio
1382 975 1581 1025 Walteri
1616 977 1676 1025 de
1711 976 1949 1043 Lindesay
1977 1006 1987 1016 ·
2023 978 2152 1044 apud
2183 977 2388 1027 Soonam

376 1068 542 1133 quinto
566 1067 643 1116 die
665 1067 880 1133 Januarij
909 1095 920 1106 ·

381 1316 704 1383 Confirmatio
729 1333 912 1382 comitis
938 1331 1137 1381 Roberti
1164 1360 1174 1370 ·

290 1510 349 1556 16
379 1493 637 1560 Uniuerfis
677 1511 827 1560 saneto
867 1512 1038 1566 matris
1078 1509 1264 1561 ecclefie
1304 1509 1411 1558 filiis
1451 1509 1540 1559 hoc
1580 1511 1804 1577 scriptum
1844 1513 2006 1563 visuris
2045 1514 2119 1564 vel
2158 1516 2388 1566 audituris

374 1599 611 1648 Robertus
638 1598 761 1647 filius
791 1599 1000 1648 Gilberti
1032 1599 1214 1648 comitis
1243 1599 1302 1648 de
1336 1598 1622 1665 Stratheryn
1650 1608 1863 1650 eternam
1895 1602 1944 1650 in
1973 1603 2166 1652 domino
2194 1603 2388 1654 salutem

370 1689 422 1737 N
425 1688 576 1738 ouerit
607 1689 878 1738 vniuerfitas
905 1689 1054 1737 vestra
1080 1706 1156 1737 me
1187 1687 1390 1737 fideliter
1415 1688 1665 1754 promififfe
1696 1698 1745 1738 et
1772 1690 2001 1757 meipsum
2038 1691 2254 1758 obligafi'e
2278 1710 2390 1760 erga

370 1778 631 1844 dompnum
657 1778 989 1827 Innocentium
1013 1778 1231 1826 abbatem
1257 1786 1304 1826 et
1328 1786 1615 1826 conuentum
1640 1778 1700 1826 de
1725 1778 1882 1829 Insula
1905 1781 2138 1834 miffarum
2162 1782 2257 1831 fide
2280 1800 2389 1832 mea

369 1866 640 1932 interposita
662 1866 712 1914 in
734 1883 880 1914 manu
904 1866 1100 1931 dompni
1123 1864 1352 1914 Abbrahe
1375 1865 1579 1931 episcopi
1601 1865 1951 1917 Dunblanenfis
1969 1886 2125 1918 coram
2142 1869 2252 1918 viris
2266 1871 2387 1920 fide-

370 1954 524 2020 dignis
547 1954 719 2004 seilicet
745 1954 962 2004 Gilberto
982 1954 1310 2003 archidiacono
1333 1953 1661 2003 Dunblanenfi
1817 1966 1866 2006 et
1890 1957 2094 2007 Cristino
2117 1958 2259 2007 fratre
2283 1961 2385 2024 ejus

371 2043 609 2091 Duncano
645 2042 741 2091 filio
778 2042 888 2091 Ade
922 2042 1066 2097 milito
1100 2042 1160 2091 de
1194 2042 1302 2108 ffyff
1335 2041 1493 2096 ‹oilifio
1534 2042 1776 2093 senescallo
1811 2045 1870 2094 de
1910 2045 2195 2112 Stratheryn
2227 2046 2384 2097 Bricio

370 2132 564 2196 persona
589 2131 649 2180 de
687 2131 843 2180 Creffe
875 2139 923 2179 et
955 2129 1148 2184 -COalifio
1184 2128 1281 2178 filio
1319 2129 1422 2195 ejus
1454 2128 1691 2183 makbeth
1719 2131 1890 2180 Judice
1921 2141 1969 2181 et
2008 2132 2168 2181 multis
2202 2133 2303 2183 aliis
2334 2135 2384 2183 in

372 2221 558 2270 ecclefia
595 2222 655 2270 de
686 2221 912 2287 Strogeth
943 2221 1070 2286 quod
1104 2237 1375 2285 nuncquam
1412 2219 1462 2267 in
1495 2229 1596 2269 tota
1622 2220 1718 2268 vita
1753 2236 1861 2267 mea
1892 2219 2128 2285 prefatum
2163 2222 2383 2272 abbatem

371 2309 444 2358 vel
459 2319 746 2358 conuentum
761 2309 930 2374 injuste
947 2309 1128 2357 vexabo
1148 2308 1304 2356 Immo
1322 2307 1441 2373 ipsos
1459 2316 1686 2373 tanquam
1706 2306 1880 2355 amicos
1899 2324 2028 2356 meos
2045 2309 2383 2375 specialiffimos

371 2397 562 2464 diligam
585 2407 633 2447 et
656 2398 707 2446 in
730 2395 859 2446 omni
880 2395 983 2445 loco
1006 2395 1247 2446 honorabo
1271 2402 1319 2443 et
1342 2395 1536 2443 domum
1559 2394 1819 2460 predictam
1841 2393 1979 2443 saluis
2000 2396 2110 2460 jure
2133 2407 2182 2446 et
2204 2397 2382 2448 honore

370 2506 477 2538 meo
510 2505 596 2554 per
631 2486 870 2536 confilium
904 2485 1165 2534 amicorum
1199 2501 1411 2533 meorum
1453 2493 1684 2550 quantum
1721 2493 1889 2550 potero
1928 2486 2185 2535 accrescam
2224 2496 2273 2536 et
2312 2487 2381 2536 eis

372 2577 581 2627 ecclesias
616 2577 675 2626 de
701 2576 828 2625 Gassz
852 2584 901 2625 et
923 2575 983 2623 de
1009 2573 1235 2639 Strogeth
1261 2582 1310 2622 et
1338 2590 1502 2623 omnes
1525 2572 1640 2622 alias
1668 2571 1881 2623 ecclesias
1916 2583 2063 2623 terras
2091 2576 2381 2642 pofl’efliones

370 2667 610 2716 libertates
637 2665 940 2715 rectitudines
968 2662 1328 2713 consuetudines
1361 2663 1646 2729 ayfiamenta
1676 2672 1724 2712 et
1763 2662 1969 2712 decimas
2004 2664 2298 2714 omnimodas
2333 2677 2381 2716 et

373 2765 528 2805 cetera
561 2754 719 2804 omnia
753 2771 845 2819 que
883 2753 936 2802 in
971 2752 1112 2802 cartis
1145 2751 1463 2818 prenominati
1503 2751 1687 2800 comitis
1719 2752 1900 2801 domini
1937 2762 1986 2802 et
2022 2754 2171 2820 patris
2203 2756 2298 2805 mei
2333 2766 2380 2805 et

373 2843 491 2892 meis
535 2842 837 2892 continentur
871 2842 986 2889 ficut
1026 2840 1191 2889 eedem
1231 2848 1359 2888 carte
1395 2840 1625 2888 testantur
1660 2840 1866 2906 benigne
1906 2841 2168 2891 concedens
2208 2851 2256 2891 et
2292 2843 2379 2893 hac

375 2940 503 2980 carta
524 2948 631 2980 mea
653 2930 936 2979 confirmans
959 2929 1026 2978 eis
1046 2955 1058 2968 ·
1082 2928 1170 2977 hec
1188 2928 1349 2977 omnia
1365 2937 1529 2977 eontra
1552 2945 1715 2977 omnes
1730 2928 1946 2978 homines
1968 2930 2309 2979 warrantizabo
2332 2940 2380 2980 et

376 3038 454 3070 eos
478 3020 633 3085 quiete
666 3029 713 3068 et
748 3019 940 3085 pacifice
962 3018 1058 3083 ipsa
1083 3017 1351 3084 poffeffione
1382 3026 1543 3066 tenere
1577 3017 1746 3066 faciam
1771 3043 1783 3056 ·
1810 3017 2031 3067 Preterea
2053 3019 2085 3065 fi
2109 3017 2287 3083 aliquid
2311 3019 2378 3068 eis

374 3107 673 3157 latrocinium
695 3107 874 3155 furtum
897 3105 1066 3171 injuria
1087 3104 1161 3154 vel
1183 3103 1368 3153 vexatio
1391 3104 1549 3170 aliqua
1565 3103 1695 3153 illata
1717 3104 1858 3153 fuerit
1875 3106 1954 3168 jus
1973 3122 2135 3154 eorum
2154 3114 2376 3171 tanquam
