2756 3926
1046 854 1327 920 INDEX
1381 855 1811 923 NOMINUM

867 1055 1001 1100 TAM
1034 1055 1100 1099 IN
1132 1053 1457 1099 REGISTRO
1494 1053 1638 1099 IPSO
1672 1055 1858 1108 QUAM
1892 1057 1962 1101 IN

856 1166 1145 1212 CHARTIS
1179 1164 1606 1211 PREFATIONI
1639 1166 1972 1213 ADJECTIS.

406 1609 470 1656 A',
489 1618 701 1656 suumne,
721 1608 786 1650 75.

405 1673 553 1720 Abbot,
571 1673 599 1712 J
600 1674 783 1719 ohannes,
802 1672 868 1719 39,
884 1673 949 1710 42.

406 1737 716 1784 Aberbrothock,
755 1735 1111 1789 (Abbyrbrothok,)
1152 1737 1272 1776 abbas
1302 1736 1364 1782 de,

511 1801 578 1848 44,
597 1801 715 1839 xxxii.

529 1866 647 1904 abbas
659 1865 721 1912 de,
733 1864 967 1912 Bernardus,
988 1864 1247 1905 Cancellarius
1264 1864 1384 1915 Regis

508 1930 682 1977 Roberti‚
701 1929 767 1976 24,
787 1929 852 1968 80.

404 2017 511 2025 ——
528 1994 647 2032 abbas
665 1994 727 2040 de,
746 1993 953 2040 Hem-icus,
973 1993 1011 2032 5.

528 2059 646 2097 abbas
664 2059 726 2106 de,
744 2057 968 2105 willelmus,
986 2056 1053 2097 37.

403 2122 693 2161 Aberdonensis
711 2122 911 2173 episcopus
930 2120 992 2170 G’,
1010 2120 1131 2160 xxxii.

402 2187 663 2239 Aberlauedy,
682 2187 900 2238 capellanus
918 2186 980 2233 de,
1000 2185 1250 2232 Gillebertus,
1270 2182 1334 2224 75.

404 2251 611 2298 Abernith,
652 2252 814 2302 Fergus,
839 2250 972 2290 -frater
1013 2249 1218 2289 Laurencii
1262 2248 1324 2295 de,

400 2379 630 2427 Abernethi,
647 2379 754 2430 prior
770 2379 832 2426 de,
850 2378 1100 2427 Laurencius,
1118 2378 1184 2418 31.

400 2445 584 2492 Abraam‚
602 2443 755 2482 Arthur
772 2443 886 2490 filius,
906 2441 972 2482 29.

534 2508 753 2559 capellanus
778 2506 929 2546 comitis
954 2506 1006 2545 de
1034 2506 1277 2557 &rathen-yn,
1311 2504 1376 2552 11,

506 2571 570 2619 16,
590 2570 656 2619 26,
675 2571 741 2618 29,
760 2570 827 2618 30,
847 2569 912 2617 67,
933 2569 998 2609 68.

521 2635 754 2687 capellanus,
774 2634 839 2682 70,
859 2634 924 2674 75.

395 2700 497 2747 Ach,
514 2699 616 2738 filius
632 2698 782 2749 Alpini,
802 2698 867 2746 22,
885 2697 952 2744 33,
971 2697 1037 2735 44.

396 2764 499 2811 Ada,
516 2763 596 2802 filia
611 2762 779 2810 Radulfl,
796 2762 902 2801 xxix.

396 2827 526 2874 Alani,
535 2826 730 2866 walterus
745 2826 859 2873 filius,
878 2817 1120 2874 senescallus,
1139 2824 1204 2872 19,
1222 2823 1340 2863 xxvii.

522 2889 717 2929 christina
731 2890 823 2937 filia,
842 2890 907 2928 51.

398 2955 557 3001 Alanus,
576 2953 749 3002 clericus,
767 2953 833 3003 36,
850 2945 918 3001 56,
939 2952 1004 3001 70,
1024 2952 1089 2994 75.

522 3017 683 3069 dapifer,
701 3016 740 3057 6.

1447 1607 1608 1654 Alanus,
1626 1608 1727 1646 filius
1745 1608 1925 1656 Bolland,
1945 1610 2010 1650 70.

1572 1673 1816 1711 marescallus
1840 1674 1992 1713 comitis
2015 1674 2071 1732 *de
2093 1674 2337 1727 Stratheryn,
2363 1677 2428 1725 28,

1556 1735 1622 1782 57,
1641 1736 1707 1775 58.

1573 1800 1742 1839 serviens
1765 1801 1834 1839 filii
1857 1800 2047 1840 Johannis
2076 1802 2241 1855 Oumyn‚
2267 1802 2335 1851 36,
2362 1803 2428 1852 56,

1555 1863 1656 1916 (Α.,)
1677 1865 1742 1905 75.

1447 1927 1684 1976 Alexander,
1701 1929 1803 1967 filius
1821 1928 1850 1968 J
1851 1929 2014 1968 ohannis
2034 1929 2198 1983 Comym
2215 1930 2283 1971 36.

1447 2017 1556 2024 ——-
1571 1993 1673 2031 filius
1692 1993 1834 2041 Thore,
1853 1993 1918 2034 70.

1571 2070 1653 2105 rex,
1672 2057 1737 2105 11,
1757 2058 1822 2104 13,
1842 2057 1907 2104 18,
1925 2057 1992 2105 20,
2010 2058 2116 2098 xxix.
2133 2059 2204 2098 liii.

1445 2121 1594 2171 Alpini,
1613 2120 1803 2174 (Elpine,)
1819 2120 1909 2160 Aah
1924 2121 2040 2170 filius,
2058 2123 2124 2171 22,
2141 2123 2208 2170 33,
2227 2123 2294 2162 44.

1568 2185 1739 2224 Monach
1756 2185 1870 2233 filius,
1889 2185 1955 2233 22,
1975 2186 2041 2225 44.

1443 2248 1683 2295 Ambrosius,
1700 2249 1875 2294 Sanctus,
1893 2249 1960 2288 35.

1442 2312 1606 2360 Anecol,
1623 2313 1801 2351 Malisius
1818 2313 1932 2360 filius,
1951 2312 2017 2360 58,
2033 2313 2168 2354 xxxiii.

1441 2400 1550 2408 —
1566 2377 1708 2416 thanus
1721 2377 1772 2415 de
1791 2376 1965 2425 Dunine,
1979 2377 2019 2424 5,
2035 2377 2100 2426 10,
2116 2377 2180 2425 16,
2194 2377 2260 2426 26,
2275 2378 2342 2427 29,
2357 2379 2423 2428 67,

1441 2503 1615 2554 Anegus,
1635 2515 1762 2542 comes
1782 2503 1845 2542 G’.
1865 2504 1927 2551 de,
1945 2504 2054 2544 xxiii.

1440 2567 1621 2619 Angusii,
1639 2568 1863 2619 Margareta
1879 2581 1990 2616 uxor,
2008 2569 2050 2609 li.

1441 2633 1656 2683 Angusius,
1674 2632 1777 2671 filius
1796 2632 1985 2678 Goffredi,
2001 2632 2043 2671 li.

1439 2697 1561 2743 Anni,
1579 2697 1659 2735 filia
1676 2697 1876 2743 Tristrm,
1895 2697 1961 2737 29.

1440 2761 1539 2808 Asd,
1565 2761 1790 2800 Alexander
1816 2762 1879 2808 de,
1898 2762 1999 2805 filius
2016 2761 2196 2801 Welandi
2213 2763 2274 2810 de,
2293 2768 2334 2803 et
2351 2777 2419 2803 ux·

1545 2826 1622 2864 oris
1639 2836 1708 2864 sue
1726 2826 1899 2873 Mafflde,
1917 2826 1983 2866 liv.
2001 2826 2052 2865 lv·
2071 2825 2137 2865 lvi.

1563 2890 1787 2940 Murgan-ets
1804 2890 1866 2938 de,
1885 2890 1913 2930 l.

1437 2976 1545 2986 .-
1560 2954 1796 3004 Magn-eta,
1813 2954 1893 2992 fllia
1908 2953 2131 3003 Margarete
2147 2952 2211 3001 de,
2228 2953 2270 2994 li.

1436 3040 1545 3049 ——-
1561 3017 1771 3057 Welandus
1788 3017 1851 3065 de,
1868 3017 1936 3057 liv.

2288 3092 2312 3120 Τ
