2756 3926
420 394 482 445 72
1183 391 1657 442 REGISTRUM

413 545 589 594 ibidem
607 546 716 595 Deo
733 546 1048 595 seruientibus
1072 555 1120 594 et
1142 545 1382 593 seruituris
1404 545 1548 594 factas
1566 545 1704 611 super
1722 545 1911 594 ecclesia
1929 546 1987 595 de
2006 547 2299 613 COaddirdyn
2319 566 2427 597 cum

414 635 632 683 omnibus
665 634 962 700 pertinentijs
985 634 1076 682 suis
1099 642 1147 682 et
1169 634 1307 699 super
1337 642 1464 682 terra
1495 650 1586 697 que
1610 632 1810 681 Abthen
1840 635 1900 682 de
1932 635 2224 701 COaddirdy’Tn
2258 636 2430 684 dicitur

413 733 460 771 et
493 723 631 788 super
657 722 818 786 quieta
859 721 1138 769 clamatione
1173 721 1233 769 de
1264 720 1370 770 Can
1405 730 1453 769 et
1483 721 1706 770 Gonueth
1743 740 1834 787 que
1871 721 2027 771 clerici
2065 723 2428 772 Dunkeldenses

414 810 672 874 antiquitus
704 809 763 857 de
796 809 960 856 eadem
985 808 1182 856 Abthan
1207 808 1448 874 percipere
1482 809 1825 858 consueuerunt
1860 836 1872 848 -
1906 818 1955 858 et
1985 827 2091 858 cum
2117 810 2175 858 de
2193 811 2302 876 jure
2333 828 2430 859 non

414 885 646 962 poffemus
670 914 758 944 nec
780 895 1005 944 vellemus
1029 913 1194 944 eorum
1217 895 1337 944 facto
1361 895 1554 945 honesto
1582 896 1752 962 injuste
1777 897 2007 945 contraire
2031 915 2119 946 nec
2141 898 2241 962 pias
2267 914 2427 946 eorum

414 984 683 1033 collationes
714 984 911 1049 pauperi
945 984 1220 1038 monasterio
1248 984 1298 1032 in
1320 984 1476 1050 prima
1509 984 1577 1032 sui
1606 984 1882 1033 fundatione
1905 985 2046 1034 factas
2080 985 2317 1034 infirmare
2345 1003 2430 1034 nos

417 1072 583 1120 eodem
607 1071 771 1136 spiritu
788 1071 978 1135 pietatis
1002 1071 1129 1120 ducti
1151 1089 1246 1136 quo
1270 1080 1317 1119 et
1341 1070 1407 1118 illi
1430 1071 1489 1119 de
1513 1071 1734 1120 consensu
1757 1079 1806 1120 et
1830 1072 2004 1120 assensu
2030 1072 2223 1138 capituli
2247 1072 2430 1121 ecclefie

418 1157 767 1208 Dunkeldenfis
814 1158 1091 1207 donationes
1138 1159 1447 1207 concessiones
1490 1168 1537 1206 et
1572 1158 1951 1207 confirmationes
1987 1159 2106 1207 dicte
2146 1158 2330 1208 ecclesie
2371 1160 2430 1207 de

416 1246 715 1312 COaddirdyn
738 1256 786 1295 et
809 1246 1014 1312 predicte
1033 1246 1259 1295 Abthane
1284 1255 1331 1295 et
1349 1246 1658 1312 supradictam
1679 1247 1886 1312 quietam
1907 1246 2235 1296 clamationem
2259 1247 2428 1296 eisdem

417 1335 651 1383 canonicis
681 1335 822 1384 factas
846 1345 981 1384 natas
1011 1345 1059 1384 et
1089 1346 1246 1401 gratas
1276 1336 1504 1384 habentes
1535 1336 1839 1384 concedimus
1865 1345 1910 1385 et
1935 1336 1983 1383 in
2009 1345 2290 1402 perpetuum
2315 1354 2429 1385 con-

416 1425 658 1471 firmamus
682 1422 806 1471 salua
829 1422 964 1471 nobis
988 1432 1035 1472 et
1059 1423 1386 1472 succefforibus
1411 1424 1578 1472 nostris
1600 1441 1693 1471 vna
1714 1424 2044 1472 tantummodo
2067 1441 2225 1472 marca
2247 1423 2430 1489 argenti

416 1511 661 1559 annuatim
693 1510 752 1558 de
787 1510 955 1558 eadem
981 1510 1212 1577 Abthayn
1246 1528 1333 1575 pro
1366 1511 1495 1559 omni
1528 1511 1768 1559 exactione
1801 1511 2136 1559 consuetudine
2167 1521 2214 1559 et
2237 1511 2428 1559 seruicio

415 1598 607 1648 seculari
638 1599 699 1647 ad
729 1617 817 1648 nos
848 1600 1105 1665 pertinenti
1135 1600 1442 1665 persoluenda
1472 1601 1534 1648 ad
1565 1601 1683 1648 duos
1720 1600 1945 1648 terminos
1975 1600 2145 1649 scilicet
2176 1601 2428 1649 medietate

417 1688 479 1735 ad
506 1687 798 1752 penticosten
827 1698 874 1735 et
904 1687 1160 1736 medietate
1189 1687 1251 1735 ad
1277 1688 1444 1736 festum
1478 1688 1619 1737 sanai
1652 1687 1856 1742 COartini
1888 1689 2003 1735 ficut
2031 1688 2079 1734 in
2115 1687 2428 1752 predffiorum

416 1774 737 1840 episcoporum
777 1774 1028 1823 autenticis
1062 1774 1334 1823 inuenimus
1366 1774 1598 1823 contineri
1638 1801 1649 1813 ·
1686 1774 1989 1823 concedimus
2019 1774 2158 1822 etiam
2188 1774 2344 1822 abbati
2385 1786 2432 1824 et

416 1862 653 1911 canonicis
688 1861 858 1927 prefati
892 1862 1152 1927 ‹nonasterij
1190 1872 1238 1911 et
1274 1880 1439 1911 eorum
1472 1862 1802 1911 successoribus
1837 1861 1886 1909 in
1922 1870 2205 1927 perpetuum
2242 1870 2293 1909 vt
2326 1879 2429 1927 pre-

417 1950 587 1999 dictam
621 1950 859 1999 ecclefiam
891 1951 951 1999 de
986 1951 1284 2017 maddirdYn
1315 1952 1365 1999 in
1395 1952 1532 2000 bonis
1567 1950 1906 2017 temporalibus
1939 1950 2220 1999 omnimodis
2256 1950 2305 1998 in
2327 1952 2430 1998 vsus

415 2036 517 2085 suos
541 2038 754 2103 proprios
786 2056 872 2103 pro
895 2038 973 2087 sue
997 2038 1254 2087 voluntatis
1289 2039 1482 2087 arbitrio
1506 2047 1790 2088 conuertant
1811 2038 2026 2087 faciendo
2058 2038 2258 2087 eandem
2282 2037 2431 2086 eccle-

417 2128 527 2173 fiam
551 2143 636 2191 per
663 2126 905 2191 ydoneum
934 2126 1229 2192 capellanum
1260 2127 1337 2176 vel
1366 2128 1399 2174 fi
1429 2126 1679 2175 maluerint
1710 2144 1796 2192 per
1825 2126 2031 2191 aliquem
2061 2126 2338 2174 canonicum
2371 2127 2429 2173 de

416 2215 496 2263 suo
532 2214 726 2280 collegio
764 2215 989 2263 deseruiri
1017 2214 1156 2263 saluis
1189 2215 1527 2281 episcopalibus
1566 2243 1576 2253 ·
1614 2215 1673 2262 In
1708 2215 1843 2280 cujus
1874 2214 1944 2262 rei
1976 2214 2291 2263 testimonium
2321 2214 2430 2262 huic

416 2303 583 2368 scripto
617 2302 815 2369 sigillum
847 2304 1058 2351 nostrum
1090 2304 1390 2370 apposuimus
1420 2332 1430 2342 ·
1467 2304 1602 2352 Data
1631 2303 1760 2369 apud
1792 2302 2093 2368 Dunkeldyn
2125 2320 2249 2351 anno
2280 2303 2430 2368 gratie

417 2391 655 2440 millesimo
683 2398 785 2440 ccm⁰
813 2392 1045 2456 trigesimo
1074 2401 1243 2441 octauo
1271 2392 1423 2458 pridie
1454 2392 1683 2441 kalendas
1714 2391 1928 2457 Januarij
1960 2392 2262 2457 pontificatus
2286 2392 2430 2440 nostri

419 2497 544 2527 anno
580 2479 718 2527 tertio
757 2507 767 2517 ·
806 2479 1025 2527 Testibus
1060 2479 1252 2528 domino
1284 2480 1442 2528 Adam
1477 2480 1536 2528 de
1570 2479 1813 2545 prebenda
1849 2480 2027 2528 decano
2063 2478 2248 2528 ecclefie
2282 2478 2429 2526 Dun-

419 2567 648 2615 keldenfis
674 2594 686 2606 ·
712 2568 926 2633 magistro
951 2567 1095 2616 Petro
1125 2568 1183 2616 de
1214 2568 1379 2618 Castro
1416 2596 1426 2606 ·
1465 2568 1763 2617 Theodorico
1791 2568 1996 2633 ejusdem
2022 2567 2207 2616 ecclesie
2230 2585 2430 2631 precen-

420 2668 522 2704 tore
553 2684 563 2694 ·
592 2655 807 2721 magistro
837 2655 1075 2704 Willelmo
1099 2657 1158 2704 de
1181 2656 1438 2722 Edynham
1462 2657 1670 2722 ejusdem
1694 2656 1812 2705 sedis
1836 2655 2165 2704 archidiacono
2191 2682 2202 2694 ·
2239 2655 2430 2704 domino

420 2745 630 2793 Roberto
665 2744 952 2793 thesaurario
988 2745 1179 2793 domino
1211 2744 1447 2793 Willelmo
1474 2745 1739 2794 subdecano
1772 2773 1782 2783 ·
1812 2744 2003 2792 domino
2038 2743 2292 2798 COalcolmo
2327 2744 2430 2792 suc-

417 2843 606 2883 centore
631 2861 642 2873 ·
670 2833 887 2899 magistro
913 2834 1126 2883 Roberto
1149 2834 1208 2882 de
1232 2833 1502 2899 Laycestria
1525 2834 1751 2883 canonico
1775 2834 1930 2882 nostro
1955 2843 2001 2882 et
2025 2833 2127 2899 alijs
2154 2860 2164 2871 ·
