<?xml version="1.0" encoding="UTF-8"?>
<!DOCTYPE html PUBLIC "-//W3C//DTD XHTML 1.0 Transitional//EN"
    "http://www.w3.org/TR/xhtml1/DTD/xhtml1-transitional.dtd">
<html xmlns="http://www.w3.org/1999/xhtml" xml:lang="en" lang="en">
 <head>
  <title>
</title>
<meta http-equiv="Content-Type" content="text/html;charset=utf-8" />
  <meta name='ocr-system' content='tesseract 3.04.00' />
  <meta name='ocr-capabilities' content='ocr_page ocr_carea ocr_par ocr_line ocrx_word'/>
</head>
<body>
  <div class='ocr_page' id='page_1' title='image "./liberinsulemissa85inchuoft_0075.png"; bbox 0 0 2808 3926; ppageno 0'>
   <div class='ocr_carea' id='block_1_1' title="bbox 1249 409 2403 452">
    <p class='ocr_par' dir='ltr' id='par_1_1' title="bbox 1249 409 2403 452">
     <span class='ocr_line' id='line_1_1' title="bbox 1249 409 2403 452; baseline 0 -1"><span class='ocrx_word' id='word_1_1' title='bbox 1249 409 1606 452; x_wconf 89' lang='lat' dir='ltr'><strong>APPENDIX.</strong></span> <span class='ocrx_word' id='word_1_2' title='bbox 2362 412 2403 452; x_wconf 93' lang='lat' dir='ltr'><strong>lv</strong></span> 
     </span>
    </p>
   </div>
   <div class='ocr_carea' id='block_1_2' title="bbox 381 552 2403 3180">
    <p class='ocr_par' dir='ltr' id='par_1_2' title="bbox 381 552 2403 3180">
     <span class='ocr_line' id='line_1_2' title="bbox 394 552 2403 622; baseline 0.001 -21"><span class='ocrx_word' id='word_1_3' title='bbox 394 563 630 602; x_wconf 82' lang='lat' dir='ltr'><strong>vertamus</strong></span> <span class='ocrx_word' id='word_1_4' title='bbox 654 552 812 602; x_wconf 84' lang='lat' dir='ltr'><strong>stilum</strong></span> <span class='ocrx_word' id='word_1_5' title='bbox 835 552 897 602; x_wconf 84' lang='lat' dir='ltr'><strong>ad</strong></span> <span class='ocrx_word' id='word_1_6' title='bbox 913 563 1120 618; x_wconf 84' lang='lat' dir='ltr'><strong>quatuor</strong></span> <span class='ocrx_word' id='word_1_7' title='bbox 1140 553 1262 603; x_wconf 83' lang='lat' dir='ltr'><strong>filias</strong></span> <span class='ocrx_word' id='word_1_8' title='bbox 1287 572 1347 604; x_wconf 85' lang='lat' dir='ltr'><strong>ex</strong></span> <span class='ocrx_word' id='word_1_9' title='bbox 1369 554 1574 604; x_wconf 83' lang='lat' dir='ltr'><strong>secunda</strong></span> <span class='ocrx_word' id='word_1_10' title='bbox 1591 571 1738 605; x_wconf 88' lang='lat' dir='ltr'><strong>uxore</strong></span> <span class='ocrx_word' id='word_1_11' title='bbox 1755 565 2054 621; x_wconf 82' lang='lat' dir='ltr'><strong>procreatas;</strong></span> <span class='ocrx_word' id='word_1_12' title='bbox 2091 572 2290 622; x_wconf 81' lang='lat' dir='ltr'><strong>quarum</strong></span> <span class='ocrx_word' id='word_1_13' title='bbox 2307 574 2403 605; x_wconf 86' lang='lat' dir='ltr'><strong>una</strong></span> 
     </span>
     <span class='ocr_line' id='line_1_3' title="bbox 394 641 2402 711; baseline 0.001 -21"><span class='ocrx_word' id='word_1_14' title='bbox 394 642 663 707; x_wconf 84' lang='lat' dir='ltr'>desponsata</span> <span class='ocrx_word' id='word_1_15' title='bbox 686 651 786 691; x_wconf 87' lang='lat' dir='ltr'><strong>erat</strong></span> <span class='ocrx_word' id='word_1_16' title='bbox 809 660 918 692; x_wconf 86' lang='lat' dir='ltr'><strong>oum</strong></span> <span class='ocrx_word' id='word_1_17' title='bbox 941 642 1134 692; x_wconf 88' lang='lat' dir='ltr'><strong>domino</strong></span> <span class='ocrx_word' id='word_1_18' title='bbox 1157 641 1392 692; x_wconf 90' lang='lat' dir='ltr'><strong>Willelmo</strong></span> <span class='ocrx_word' id='word_1_19' title='bbox 1416 643 1476 692; x_wconf 92' lang='lat' dir='ltr'><strong>de</strong></span> <span class='ocrx_word' id='word_1_20' title='bbox 1502 642 1675 693; x_wconf 71' lang='lat' dir='ltr'><strong>San&lt;Sto</strong></span> <span class='ocrx_word' id='word_1_21' title='bbox 1700 642 1843 693; x_wconf 82' lang='lat' dir='ltr'><strong>Claro</strong></span> <span class='ocrx_word' id='word_1_22' title='bbox 1874 644 2087 693; x_wconf 91' lang='lat' dir='ltr'><strong>Domino</strong></span> <span class='ocrx_word' id='word_1_23' title='bbox 2109 642 2153 694; x_wconf 97' lang='grc'><strong>16</strong></span> <span class='ocrx_word' id='word_1_24' title='bbox 2180 643 2402 711; x_wconf 76' lang='lat' dir='ltr'><strong>Synolar3</strong></span> 
     </span>
     <span class='ocr_line' id='line_1_4' title="bbox 393 729 2401 798; baseline 0.001 -20"><span class='ocrx_word' id='word_1_25' title='bbox 393 731 475 796; x_wconf 92' lang='lat' dir='ltr'><strong>qui</strong></span> <span class='ocrx_word' id='word_1_26' title='bbox 506 730 726 779; x_wconf 82' lang='lat' dir='ltr'><strong>dominus</strong></span> <span class='ocrx_word' id='word_1_27' title='bbox 745 729 995 780; x_wconf 82' lang='lat' dir='ltr'><strong>Wilelmus</strong></span> <span class='ocrx_word' id='word_1_28' title='bbox 1018 729 1079 781; x_wconf 75' lang='lat' dir='ltr'><strong>ex</strong></span> <span class='ocrx_word' id='word_1_29' title='bbox 1102 748 1158 781; x_wconf 85' lang='lat' dir='ltr'><strong>ea</strong></span> <span class='ocrx_word' id='word_1_30' title='bbox 1179 731 1345 798; x_wconf 89' lang='lat' dir='ltr'><strong>genuit</strong></span> <span class='ocrx_word' id='word_1_31' title='bbox 1375 731 1619 780; x_wconf 86' lang='lat' dir='ltr'><strong>dominum</strong></span> <span class='ocrx_word' id='word_1_32' title='bbox 1654 731 1919 781; x_wconf 88' lang='lat' dir='ltr'><strong>Henrioum</strong></span> <span class='ocrx_word' id='word_1_33' title='bbox 1945 732 2004 782; x_wconf 88' lang='lat' dir='ltr'><strong>de</strong></span> <span class='ocrx_word' id='word_1_34' title='bbox 2030 732 2203 781; x_wconf 60' lang='lat' dir='ltr'><strong>Sandto</strong></span> <span class='ocrx_word' id='word_1_35' title='bbox 2228 731 2368 783; x_wconf 83' lang='lat' dir='ltr'><strong>Claro</strong></span> <span class='ocrx_word' id='word_1_36' title='bbox 2388 748 2401 790; x_wconf 94' lang='lat'>;</span> 
     </span>
     <span class='ocr_line' id='line_1_5' title="bbox 392 818 2401 886; baseline 0.001 -20"><span class='ocrx_word' id='word_1_37' title='bbox 392 819 476 883; x_wconf 92' lang='lat' dir='ltr'><strong>qui</strong></span> <span class='ocrx_word' id='word_1_38' title='bbox 514 818 733 867; x_wconf 84' lang='lat' dir='ltr'><strong>dominus</strong></span> <span class='ocrx_word' id='word_1_39' title='bbox 784 819 1027 868; x_wconf 82' lang='lat' dir='ltr'><strong>Henrious</strong></span> <span class='ocrx_word' id='word_1_40' title='bbox 1072 819 1364 886; x_wconf 83' lang='lat' dir='ltr'><strong>desponsavit</strong></span> <span class='ocrx_word' id='word_1_41' title='bbox 1402 819 1627 869; x_wconf 85' lang='lat' dir='ltr'><strong>Jonetam</strong></span> <span class='ocrx_word' id='word_1_42' title='bbox 1672 819 1817 869; x_wconf 82' lang='lat' dir='ltr'><strong>filiam</strong></span> <span class='ocrx_word' id='word_1_43' title='bbox 1868 820 2049 870; x_wconf 91' lang='lat' dir='ltr'><strong>domini</strong></span> <span class='ocrx_word' id='word_1_44' title='bbox 2090 819 2292 869; x_wconf 85' lang='lat' dir='ltr'><strong>Walteri</strong></span> <span class='ocrx_word' id='word_1_45' title='bbox 2341 820 2401 869; x_wconf 91' lang='lat' dir='ltr'><strong>de</strong></span> 
     </span>
     <span class='ocr_line' id='line_1_6' title="bbox 392 906 2401 975; baseline 0 -20"><span class='ocrx_word' id='word_1_46' title='bbox 392 906 718 956; x_wconf 84' lang='lat' dir='ltr'><strong>Haliburtoun</strong></span> <span class='ocrx_word' id='word_1_47' title='bbox 740 907 923 956; x_wconf 91' lang='lat' dir='ltr'><strong>domini</strong></span> <span class='ocrx_word' id='word_1_48' title='bbox 953 907 1015 957; x_wconf 88' lang='lat' dir='ltr'><strong>de</strong></span> <span class='ocrx_word' id='word_1_49' title='bbox 1035 906 1290 957; x_wconf 87' lang='lat' dir='ltr'><strong>Dirletoun</strong></span> <span class='ocrx_word' id='word_1_50' title='bbox 1317 919 1366 957; x_wconf 86' lang='lat' dir='ltr'><strong>et</strong></span> <span class='ocrx_word' id='word_1_51' title='bbox 1396 925 1457 957; x_wconf 85' lang='lat' dir='ltr'><strong>ex</strong></span> <span class='ocrx_word' id='word_1_52' title='bbox 1484 925 1541 957; x_wconf 87' lang='lat' dir='ltr'><strong>ea</strong></span> <span class='ocrx_word' id='word_1_53' title='bbox 1569 908 1833 975; x_wconf 75' lang='lat' dir='ltr'><strong>procreavit</strong></span> <span class='ocrx_word' id='word_1_54' title='bbox 1863 909 2109 958; x_wconf 89' lang='lat' dir='ltr'><strong>dominum</strong></span> <span class='ocrx_word' id='word_1_55' title='bbox 2135 908 2401 958; x_wconf 87' lang='lat' dir='ltr'><strong>Henricum</strong></span> 
     </span>
     <span class='ocr_line' id='line_1_7' title="bbox 389 994 2398 1062; baseline 0 -19"><span class='ocrx_word' id='word_1_56' title='bbox 389 995 449 1044; x_wconf 90' lang='lat' dir='ltr'><strong>de</strong></span> <span class='ocrx_word' id='word_1_57' title='bbox 476 995 648 1045; x_wconf 67' lang='lat' dir='ltr'><strong>San&amp;o</strong></span> <span class='ocrx_word' id='word_1_58' title='bbox 672 995 815 1045; x_wconf 80' lang='lat' dir='ltr'><strong>Claro</strong></span> <span class='ocrx_word' id='word_1_59' title='bbox 836 994 1110 1057; x_wconf 84' lang='lat' dir='ltr'><strong>secundum,</strong></span> <span class='ocrx_word' id='word_1_60' title='bbox 1132 995 1215 1062; x_wconf 90' lang='lat' dir='ltr'><strong>qui</strong></span> <span class='ocrx_word' id='word_1_61' title='bbox 1243 994 1413 1045; x_wconf 89' lang='lat' dir='ltr'><strong>ultimo</strong></span> <span class='ocrx_word' id='word_1_62' title='bbox 1447 995 1633 1045; x_wconf 85' lang='lat' dir='ltr'><strong>deoeffit</strong></span> <span class='ocrx_word' id='word_1_63' title='bbox 1664 1013 1820 1047; x_wconf 82' lang='lat' dir='ltr'><strong>comes</strong></span> <span class='ocrx_word' id='word_1_64' title='bbox 1845 996 2049 1046; x_wconf 84' lang='lat' dir='ltr'><strong>Oreadie</strong></span> <span class='ocrx_word' id='word_1_65' title='bbox 2071 996 2398 1054; x_wconf 82' lang='lat' dir='ltr'><strong>indubitatus;</strong></span> 
     </span>
     <span class='ocr_line' id='line_1_8' title="bbox 389 1082 2399 1151; baseline 0.001 -20"><span class='ocrx_word' id='word_1_66' title='bbox 389 1084 470 1148; x_wconf 89' lang='lat' dir='ltr'><strong>qui</strong></span> <span class='ocrx_word' id='word_1_67' title='bbox 502 1083 552 1131; x_wconf 89' lang='lat' dir='ltr'><strong>in</strong></span> <span class='ocrx_word' id='word_1_68' title='bbox 587 1100 784 1132; x_wconf 85' lang='lat' dir='ltr'><strong>uxorem</strong></span> <span class='ocrx_word' id='word_1_69' title='bbox 814 1082 980 1133; x_wconf 87' lang='lat' dir='ltr'><strong>habuit</strong></span> <span class='ocrx_word' id='word_1_70' title='bbox 1001 1082 1315 1133; x_wconf 81' lang='lat' dir='ltr'><strong>venerabilem</strong></span> <span class='ocrx_word' id='word_1_71' title='bbox 1347 1083 1589 1133; x_wconf 82' lang='lat' dir='ltr'><strong>dominam</strong></span> <span class='ocrx_word' id='word_1_72' title='bbox 1617 1083 1862 1134; x_wconf 81' lang='lat' dir='ltr'><strong>dominam</strong></span> <span class='ocrx_word' id='word_1_73' title='bbox 1894 1085 2114 1151; x_wconf 82' lang='lat' dir='ltr'><strong>Egidiam</strong></span> <span class='ocrx_word' id='word_1_74' title='bbox 2135 1083 2282 1134; x_wconf 84' lang='lat' dir='ltr'><strong>filiam</strong></span> <span class='ocrx_word' id='word_1_75' title='bbox 2304 1084 2399 1134; x_wconf 87' lang='lat' dir='ltr'><strong>filie</strong></span> 
     </span>
     <span class='ocr_line' id='line_1_9' title="bbox 388 1164 2400 1239; baseline 0 -19"><span class='ocrx_word' id='word_1_76' title='bbox 388 1171 611 1221; x_wconf 71' lang='lat' dir='ltr'><strong>antedicffi</strong></span> <span class='ocrx_word' id='word_1_77' title='bbox 667 1171 911 1236; x_wconf 82' lang='lat' dir='ltr'><strong>quondam</strong></span> <span class='ocrx_word' id='word_1_78' title='bbox 965 1164 1147 1220; x_wconf 84' lang='lat' dir='ltr'><strong>domini</strong></span> <span class='ocrx_word' id='word_1_79' title='bbox 1186 1169 1388 1220; x_wconf 87' lang='lat' dir='ltr'><strong>Roberti</strong></span> <span class='ocrx_word' id='word_1_80' title='bbox 1434 1171 1686 1221; x_wconf 82' lang='lat' dir='ltr'><strong>Scotorum</strong></span> <span class='ocrx_word' id='word_1_81' title='bbox 1731 1171 1878 1239; x_wconf 81' lang='lat' dir='ltr'><strong>Regis</strong></span> <span class='ocrx_word' id='word_1_82' title='bbox 1921 1172 2118 1222; x_wconf 82' lang='lat' dir='ltr'><strong>illustris</strong></span> <span class='ocrx_word' id='word_1_83' title='bbox 2150 1172 2400 1239; x_wconf 41' lang='lat' dir='ltr'><strong>*filiamque</strong></span> 
     </span>
     <span class='ocr_line' id='line_1_10' title="bbox 387 1257 2395 1327; baseline 0.002 -21"><span class='ocrx_word' id='word_1_84' title='bbox 387 1258 628 1323; x_wconf 80' lang='lat' dir='ltr'><strong>quondam</strong></span> <span class='ocrx_word' id='word_1_85' title='bbox 653 1258 955 1308; x_wconf 79' lang='lat' dir='ltr'><strong>strenuiffimi</strong></span> <span class='ocrx_word' id='word_1_86' title='bbox 988 1258 1170 1308; x_wconf 85' lang='lat' dir='ltr'><strong>domini</strong></span> <span class='ocrx_word' id='word_1_87' title='bbox 1209 1257 1419 1308; x_wconf 90' lang='lat' dir='ltr'><strong>Wilelmi</strong></span> <span class='ocrx_word' id='word_1_88' title='bbox 1453 1259 1514 1308; x_wconf 87' lang='lat' dir='ltr'><strong>de</strong></span> <span class='ocrx_word' id='word_1_89' title='bbox 1548 1258 1763 1325; x_wconf 79' lang='lat' dir='ltr'><strong>Douglas</strong></span> <span class='ocrx_word' id='word_1_90' title='bbox 1800 1259 1980 1308; x_wconf 91' lang='lat' dir='ltr'><strong>domini</strong></span> <span class='ocrx_word' id='word_1_91' title='bbox 2010 1260 2070 1309; x_wconf 88' lang='lat' dir='ltr'><strong>de</strong></span> <span class='ocrx_word' id='word_1_92' title='bbox 2110 1260 2395 1327; x_wconf 84' lang='lat' dir='ltr'><strong>Nydysdale,</strong></span> 
     </span>
     <span class='ocr_line' id='line_1_11' title="bbox 386 1345 2398 1412; baseline 0.001 -17"><span class='ocrx_word' id='word_1_93' title='bbox 386 1357 435 1395; x_wconf 93' lang='lat' dir='ltr'><strong>et</strong></span> <span class='ocrx_word' id='word_1_94' title='bbox 479 1363 537 1395; x_wconf 88' lang='lat' dir='ltr'><strong>ex</strong></span> <span class='ocrx_word' id='word_1_95' title='bbox 587 1363 644 1396; x_wconf 85' lang='lat' dir='ltr'><strong>ea</strong></span> <span class='ocrx_word' id='word_1_96' title='bbox 697 1346 967 1411; x_wconf 84' lang='lat' dir='ltr'><strong>procreavit</strong></span> <span class='ocrx_word' id='word_1_97' title='bbox 1014 1347 1276 1412; x_wconf 83' lang='lat' dir='ltr'><strong>presentem</strong></span> <span class='ocrx_word' id='word_1_98' title='bbox 1321 1346 1568 1396; x_wconf 88' lang='lat' dir='ltr'><strong>dominum</strong></span> <span class='ocrx_word' id='word_1_99' title='bbox 1610 1345 1885 1396; x_wconf 88' lang='lat' dir='ltr'><strong>Wilelmum</strong></span> <span class='ocrx_word' id='word_1_100' title='bbox 1931 1348 1992 1397; x_wconf 87' lang='lat' dir='ltr'><strong>de</strong></span> <span class='ocrx_word' id='word_1_101' title='bbox 2040 1347 2211 1398; x_wconf 67' lang='lat' dir='ltr'><strong>Sanffl&#39;o</strong></span> <span class='ocrx_word' id='word_1_102' title='bbox 2258 1348 2398 1398; x_wconf 84' lang='lat' dir='ltr'><strong>Claro</strong></span> 
     </span>
     <span class='ocr_line' id='line_1_12' title="bbox 387 1433 2399 1501; baseline 0.001 -18"><span class='ocrx_word' id='word_1_103' title='bbox 387 1434 625 1483; x_wconf 82' lang='lat' dir='ltr'><strong>Comitem</strong></span> <span class='ocrx_word' id='word_1_104' title='bbox 650 1433 855 1484; x_wconf 83' lang='lat' dir='ltr'><strong>Oroadie</strong></span> <span class='ocrx_word' id='word_1_105' title='bbox 877 1434 1142 1483; x_wconf 88' lang='lat' dir='ltr'><strong>Dominum</strong></span> <span class='ocrx_word' id='word_1_106' title='bbox 1168 1433 1214 1484; x_wconf 94' lang='grc'><strong>16</strong></span> <span class='ocrx_word' id='word_1_107' title='bbox 1239 1433 1465 1501; x_wconf 82' lang='lat' dir='ltr'><strong>Synclare</strong></span> <span class='ocrx_word' id='word_1_108' title='bbox 1491 1463 1503 1474; x_wconf 94' lang='lat'><strong>·</strong></span> <span class='ocrx_word' id='word_1_109' title='bbox 1529 1434 1752 1493; x_wconf 84' lang='lat' dir='ltr'><strong>Quedam</strong></span> <span class='ocrx_word' id='word_1_110' title='bbox 1775 1435 1868 1484; x_wconf 82' lang='lat' dir='ltr'><strong>alia.</strong></span> <span class='ocrx_word' id='word_1_111' title='bbox 1897 1434 1995 1486; x_wconf 83' lang='lat' dir='ltr'><strong>filia</strong></span> <span class='ocrx_word' id='word_1_112' title='bbox 2015 1435 2217 1486; x_wconf 81' lang='lat' dir='ltr'><strong>secunde</strong></span> <span class='ocrx_word' id='word_1_113' title='bbox 2238 1436 2399 1485; x_wconf 79' lang='lat' dir='ltr'><strong>uxoris</strong></span> 
     </span>
     <span class='ocr_line' id='line_1_13' title="bbox 387 1522 2398 1588; baseline 0.001 -18"><span class='ocrx_word' id='word_1_114' title='bbox 387 1523 659 1588; x_wconf 84' lang='lat' dir='ltr'><strong>desponsata</strong></span> <span class='ocrx_word' id='word_1_115' title='bbox 694 1522 784 1572; x_wconf 88' lang='lat' dir='ltr'><strong>fuit</strong></span> <span class='ocrx_word' id='word_1_116' title='bbox 812 1539 921 1572; x_wconf 86' lang='lat' dir='ltr'><strong>oum</strong></span> <span class='ocrx_word' id='word_1_117' title='bbox 951 1523 1158 1588; x_wconf 87' lang='lat' dir='ltr'><strong>quodam</strong></span> <span class='ocrx_word' id='word_1_118' title='bbox 1188 1522 1338 1572; x_wconf 88' lang='lat' dir='ltr'><strong>milite</strong></span> <span class='ocrx_word' id='word_1_119' title='bbox 1365 1523 1669 1572; x_wconf 89' lang='lat' dir='ltr'><strong>denominato</strong></span> <span class='ocrx_word' id='word_1_120' title='bbox 1706 1523 1839 1573; x_wconf 88' lang='lat' dir='ltr'><strong>Here</strong></span> <span class='ocrx_word' id='word_1_121' title='bbox 1864 1523 2035 1573; x_wconf 83' lang='lat' dir='ltr'><strong>Ginfill</strong></span> <span class='ocrx_word' id='word_1_122' title='bbox 2064 1524 2125 1573; x_wconf 91' lang='lat' dir='ltr'><strong>de</strong></span> <span class='ocrx_word' id='word_1_123' title='bbox 2159 1523 2398 1574; x_wconf 87' lang='lat' dir='ltr'><strong>Swethrik</strong></span> 
     </span>
     <span class='ocr_line' id='line_1_14' title="bbox 385 1610 2398 1678; baseline 0 -18"><span class='ocrx_word' id='word_1_124' title='bbox 385 1611 600 1677; x_wconf 83' lang='lat' dir='ltr'><strong>partibus</strong></span> <span class='ocrx_word' id='word_1_125' title='bbox 648 1610 879 1670; x_wconf 82' lang='lat' dir='ltr'><strong>oriundo3</strong></span> <span class='ocrx_word' id='word_1_126' title='bbox 927 1611 1009 1676; x_wconf 90' lang='lat' dir='ltr'><strong>qui</strong></span> <span class='ocrx_word' id='word_1_127' title='bbox 1044 1628 1155 1661; x_wconf 85' lang='lat' dir='ltr'><strong>vero</strong></span> <span class='ocrx_word' id='word_1_128' title='bbox 1195 1610 1330 1661; x_wconf 85' lang='lat' dir='ltr'><strong>miles</strong></span> <span class='ocrx_word' id='word_1_129' title='bbox 1370 1611 1421 1660; x_wconf 90' lang='lat' dir='ltr'><strong>in</strong></span> <span class='ocrx_word' id='word_1_130' title='bbox 1458 1611 1664 1661; x_wconf 82' lang='lat' dir='ltr'><strong>Oreadie</strong></span> <span class='ocrx_word' id='word_1_131' title='bbox 1699 1611 1912 1678; x_wconf 81' lang='lat' dir='ltr'><strong>partibus</strong></span> <span class='ocrx_word' id='word_1_132' title='bbox 1945 1612 2076 1661; x_wconf 86' lang='lat' dir='ltr'><strong>venit</strong></span> <span class='ocrx_word' id='word_1_133' title='bbox 2121 1621 2168 1661; x_wconf 90' lang='lat' dir='ltr'><strong>et</strong></span> <span class='ocrx_word' id='word_1_134' title='bbox 2201 1613 2310 1677; x_wconf 92' lang='lat' dir='ltr'><strong>jure</strong></span> <span class='ocrx_word' id='word_1_135' title='bbox 2343 1630 2398 1661; x_wconf 85' lang='lat' dir='ltr'><strong>ac</strong></span> 
     </span>
     <span class='ocr_line' id='line_1_15' title="bbox 384 1699 2398 1767; baseline 0.001 -20"><span class='ocrx_word' id='word_1_136' title='bbox 384 1699 568 1748; x_wconf 85' lang='lat' dir='ltr'><strong>ratione</strong></span> <span class='ocrx_word' id='word_1_137' title='bbox 590 1699 857 1752; x_wconf 80' lang='lat' dir='ltr'><strong>sueuxoris</strong></span> <span class='ocrx_word' id='word_1_138' title='bbox 877 1699 1060 1766; x_wconf 82' lang='lat' dir='ltr'><strong>gavisus</strong></span> <span class='ocrx_word' id='word_1_139' title='bbox 1078 1700 1144 1749; x_wconf 84' lang='lat' dir='ltr'><strong>est</strong></span> <span class='ocrx_word' id='word_1_140' title='bbox 1167 1699 1373 1766; x_wconf 84' lang='lat' dir='ltr'><strong>quadam</strong></span> <span class='ocrx_word' id='word_1_141' title='bbox 1395 1709 1531 1766; x_wconf 86' lang='lat' dir='ltr'><strong>parte</strong></span> <span class='ocrx_word' id='word_1_142' title='bbox 1554 1710 1786 1750; x_wconf 85' lang='lat' dir='ltr'><strong>terrarum</strong></span> <span class='ocrx_word' id='word_1_143' title='bbox 1805 1699 2075 1760; x_wconf 79' lang='lat' dir='ltr'><strong>Orchadie3</strong></span> <span class='ocrx_word' id='word_1_144' title='bbox 2100 1718 2191 1767; x_wconf 91' lang='lat' dir='ltr'><strong>que</strong></span> <span class='ocrx_word' id='word_1_145' title='bbox 2206 1701 2398 1766; x_wconf 90' lang='lat' dir='ltr'><strong>quidem</strong></span> 
     </span>
     <span class='ocr_line' id='line_1_16' title="bbox 384 1787 2395 1856; baseline 0.002 -21"><span class='ocrx_word' id='word_1_146' title='bbox 384 1804 506 1836; x_wconf 89' lang='lat' dir='ltr'><strong>uxor</strong></span> <span class='ocrx_word' id='word_1_147' title='bbox 529 1788 589 1836; x_wconf 81' lang='lat' dir='ltr'><strong>ab</strong></span> <span class='ocrx_word' id='word_1_148' title='bbox 620 1787 709 1837; x_wconf 88' lang='lat' dir='ltr'><strong>hao</strong></span> <span class='ocrx_word' id='word_1_149' title='bbox 739 1787 843 1837; x_wconf 86' lang='lat' dir='ltr'><strong>luce</strong></span> <span class='ocrx_word' id='word_1_150' title='bbox 872 1788 968 1837; x_wconf 89' lang='lat' dir='ltr'><strong>fine</strong></span> <span class='ocrx_word' id='word_1_151' title='bbox 998 1787 1174 1837; x_wconf 90' lang='lat' dir='ltr'><strong>herede</strong></span> <span class='ocrx_word' id='word_1_152' title='bbox 1196 1788 1418 1855; x_wconf 83' lang='lat' dir='ltr'><strong>migravit</strong></span> <span class='ocrx_word' id='word_1_153' title='bbox 1451 1787 1684 1855; x_wconf 87' lang='lat' dir='ltr'><strong>legittimo</strong></span> <span class='ocrx_word' id='word_1_154' title='bbox 1707 1807 1768 1838; x_wconf 88' lang='lat' dir='ltr'><strong>ex</strong></span> <span class='ocrx_word' id='word_1_155' title='bbox 1790 1789 1871 1838; x_wconf 90' lang='lat' dir='ltr'><strong>suo</strong></span> <span class='ocrx_word' id='word_1_156' title='bbox 1894 1806 2092 1856; x_wconf 86' lang='lat' dir='ltr'><strong>corpore</strong></span> <span class='ocrx_word' id='word_1_157' title='bbox 2114 1800 2357 1855; x_wconf 89' lang='lat' dir='ltr'><strong>procreato</strong></span> <span class='ocrx_word' id='word_1_158' title='bbox 2383 1817 2395 1828; x_wconf 93' lang='lat'><strong>·</strong></span> 
     </span>
     <span class='ocr_line' id='line_1_17' title="bbox 385 1875 2397 1943; baseline 0.001 -19"><span class='ocrx_word' id='word_1_159' title='bbox 385 1876 550 1925; x_wconf 85' lang='lat' dir='ltr'><strong>Tertia</strong></span> <span class='ocrx_word' id='word_1_160' title='bbox 572 1893 682 1926; x_wconf 91' lang='lat' dir='ltr'><strong>vero</strong></span> <span class='ocrx_word' id='word_1_161' title='bbox 713 1875 811 1924; x_wconf 83' lang='lat' dir='ltr'><strong>filia</strong></span> <span class='ocrx_word' id='word_1_162' title='bbox 840 1876 1040 1926; x_wconf 85' lang='lat' dir='ltr'><strong>secunde</strong></span> <span class='ocrx_word' id='word_1_163' title='bbox 1068 1876 1228 1926; x_wconf 82' lang='lat' dir='ltr'><strong>uxoris</strong></span> <span class='ocrx_word' id='word_1_164' title='bbox 1258 1876 1348 1926; x_wconf 90' lang='lat' dir='ltr'><strong>fuit</strong></span> <span class='ocrx_word' id='word_1_165' title='bbox 1379 1884 1535 1943; x_wconf 82' lang='lat' dir='ltr'><strong>nupta</strong></span> <span class='ocrx_word' id='word_1_166' title='bbox 1565 1894 1675 1926; x_wconf 86' lang='lat' dir='ltr'><strong>oum</strong></span> <span class='ocrx_word' id='word_1_167' title='bbox 1703 1877 1910 1942; x_wconf 87' lang='lat' dir='ltr'><strong>quodam</strong></span> <span class='ocrx_word' id='word_1_168' title='bbox 1934 1876 2184 1927; x_wconf 84' lang='lat' dir='ltr'><strong>Gothredo</strong></span> <span class='ocrx_word' id='word_1_169' title='bbox 2207 1878 2397 1927; x_wconf 90' lang='lat' dir='ltr'><strong>nomine</strong></span> 
     </span>
     <span class='ocr_line' id='line_1_18' title="bbox 387 1964 2396 2031; baseline 0 -17"><span class='ocrx_word' id='word_1_170' title='bbox 387 1964 654 2014; x_wconf 84' lang='lat' dir='ltr'><strong>Gothormo</strong></span> <span class='ocrx_word' id='word_1_171' title='bbox 684 1964 728 2014; x_wconf 91' lang='grc'><strong>16</strong></span> <span class='ocrx_word' id='word_1_172' title='bbox 755 1964 934 2031; x_wconf 83' lang='lat' dir='ltr'><strong>Spere3</strong></span> <span class='ocrx_word' id='word_1_173' title='bbox 969 1964 1052 2030; x_wconf 90' lang='lat' dir='ltr'><strong>qui</strong></span> <span class='ocrx_word' id='word_1_174' title='bbox 1083 1981 1144 2014; x_wconf 87' lang='lat' dir='ltr'><strong>ex</strong></span> <span class='ocrx_word' id='word_1_175' title='bbox 1171 1981 1227 2014; x_wconf 84' lang='lat' dir='ltr'><strong>ea</strong></span> <span class='ocrx_word' id='word_1_176' title='bbox 1256 1965 1519 2030; x_wconf 84' lang='lat' dir='ltr'><strong>procreavit</strong></span> <span class='ocrx_word' id='word_1_177' title='bbox 1547 1965 1786 2031; x_wconf 83' lang='lat' dir='ltr'><strong>quendam</strong></span> <span class='ocrx_word' id='word_1_178' title='bbox 1809 1965 1960 2014; x_wconf 89' lang='lat' dir='ltr'><strong>filium</strong></span> <span class='ocrx_word' id='word_1_179' title='bbox 1982 1965 2228 2015; x_wconf 91' lang='lat' dir='ltr'><strong>dominum</strong></span> <span class='ocrx_word' id='word_1_180' title='bbox 2251 1966 2396 2020; x_wconf 68' lang='lat' dir='ltr'><strong>mali-</strong></span> 
     </span>
     <span class='ocr_line' id='line_1_19' title="bbox 384 2052 2396 2121; baseline 0.001 -21"><span class='ocrx_word' id='word_1_181' title='bbox 384 2054 501 2101; x_wconf 90' lang='lat' dir='ltr'><strong>fium</strong></span> <span class='ocrx_word' id='word_1_182' title='bbox 535 2053 580 2102; x_wconf 90' lang='lat' dir='ltr'><strong>le</strong></span> <span class='ocrx_word' id='word_1_183' title='bbox 622 2053 771 2118; x_wconf 84' lang='lat' dir='ltr'><strong>Spero</strong></span> <span class='ocrx_word' id='word_1_184' title='bbox 803 2052 1016 2111; x_wconf 89' lang='lat' dir='ltr'><strong>militem,</strong></span> <span class='ocrx_word' id='word_1_185' title='bbox 1055 2052 1137 2119; x_wconf 90' lang='lat' dir='ltr'><strong>qui</strong></span> <span class='ocrx_word' id='word_1_186' title='bbox 1174 2053 1370 2103; x_wconf 86' lang='lat' dir='ltr'><strong>tandem</strong></span> <span class='ocrx_word' id='word_1_187' title='bbox 1404 2053 1589 2103; x_wconf 85' lang='lat' dir='ltr'><strong>deoeffit</strong></span> <span class='ocrx_word' id='word_1_188' title='bbox 1621 2054 1717 2103; x_wconf 84' lang='lat' dir='ltr'><strong>fine</strong></span> <span class='ocrx_word' id='word_1_189' title='bbox 1753 2053 1926 2103; x_wconf 88' lang='lat' dir='ltr'><strong>herede</strong></span> <span class='ocrx_word' id='word_1_190' title='bbox 1956 2053 2187 2121; x_wconf 86' lang='lat' dir='ltr'><strong>legittimo</strong></span> <span class='ocrx_word' id='word_1_191' title='bbox 2221 2054 2281 2104; x_wconf 88' lang='lat' dir='ltr'><strong>de</strong></span> <span class='ocrx_word' id='word_1_192' title='bbox 2316 2054 2396 2103; x_wconf 92' lang='lat' dir='ltr'><strong>suo</strong></span> 
     </span>
     <span class='ocr_line' id='line_1_20' title="bbox 384 2141 2396 2208; baseline 0 -18"><span class='ocrx_word' id='word_1_193' title='bbox 384 2159 582 2207; x_wconf 83' lang='lat' dir='ltr'><strong>corpore</strong></span> <span class='ocrx_word' id='word_1_194' title='bbox 603 2141 767 2207; x_wconf 87' lang='lat' dir='ltr'><strong>genito</strong></span> <span class='ocrx_word' id='word_1_195' title='bbox 793 2170 804 2180; x_wconf 91' lang='lat'><strong>·</strong></span> <span class='ocrx_word' id='word_1_196' title='bbox 831 2141 1063 2191; x_wconf 88' lang='lat' dir='ltr'><strong>Similiter</strong></span> <span class='ocrx_word' id='word_1_197' title='bbox 1085 2150 1134 2190; x_wconf 84' lang='lat' dir='ltr'><strong>et</strong></span> <span class='ocrx_word' id='word_1_198' title='bbox 1157 2151 1325 2207; x_wconf 84' lang='lat' dir='ltr'><strong>quarta</strong></span> <span class='ocrx_word' id='word_1_199' title='bbox 1346 2141 1444 2190; x_wconf 84' lang='lat' dir='ltr'><strong>filia</strong></span> <span class='ocrx_word' id='word_1_200' title='bbox 1465 2142 1650 2191; x_wconf 84' lang='lat' dir='ltr'><strong>deoeffit</strong></span> <span class='ocrx_word' id='word_1_201' title='bbox 1685 2142 1781 2191; x_wconf 88' lang='lat' dir='ltr'><strong>fine</strong></span> <span class='ocrx_word' id='word_1_202' title='bbox 1810 2141 1986 2192; x_wconf 87' lang='lat' dir='ltr'><strong>herede</strong></span> <span class='ocrx_word' id='word_1_203' title='bbox 2013 2159 2073 2192; x_wconf 89' lang='lat' dir='ltr'><strong>ex</strong></span> <span class='ocrx_word' id='word_1_204' title='bbox 2099 2142 2180 2191; x_wconf 90' lang='lat' dir='ltr'><strong>suo</strong></span> <span class='ocrx_word' id='word_1_205' title='bbox 2203 2159 2396 2208; x_wconf 87' lang='lat' dir='ltr'><strong>corpore</strong></span> 
     </span>
     <span class='ocr_line' id='line_1_21' title="bbox 383 2229 2396 2297; baseline 0 -19"><span class='ocrx_word' id='word_1_206' title='bbox 383 2230 612 2297; x_wconf 84' lang='lat' dir='ltr'><strong>legittime</strong></span> <span class='ocrx_word' id='word_1_207' title='bbox 646 2238 891 2296; x_wconf 83' lang='lat' dir='ltr'><strong>procreato</strong></span> <span class='ocrx_word' id='word_1_208' title='bbox 928 2257 940 2270; x_wconf 89' lang='lat'><strong>·</strong></span> <span class='ocrx_word' id='word_1_209' title='bbox 972 2229 1155 2280; x_wconf 89' lang='lat' dir='ltr'><strong>Verum</strong></span> <span class='ocrx_word' id='word_1_210' title='bbox 1189 2230 1272 2280; x_wconf 86' lang='lat' dir='ltr'><strong>iste</strong></span> <span class='ocrx_word' id='word_1_211' title='bbox 1308 2230 1529 2280; x_wconf 82' lang='lat' dir='ltr'><strong>dominus</strong></span> <span class='ocrx_word' id='word_1_212' title='bbox 1562 2229 1816 2291; x_wconf 83' lang='lat' dir='ltr'><strong>Henrious,</strong></span> <span class='ocrx_word' id='word_1_213' title='bbox 1866 2230 2048 2296; x_wconf 82' lang='lat' dir='ltr'><strong>primus</strong></span> <span class='ocrx_word' id='word_1_214' title='bbox 2081 2230 2318 2280; x_wconf 84' lang='lat' dir='ltr'><strong>Dominus</strong></span> <span class='ocrx_word' id='word_1_215' title='bbox 2351 2231 2396 2279; x_wconf 91' lang='lat' dir='ltr'><strong>le</strong></span> 
     </span>
     <span class='ocr_line' id='line_1_22' title="bbox 387 2317 2394 2385; baseline -0 -17"><span class='ocrx_word' id='word_1_216' title='bbox 387 2318 613 2380; x_wconf 81' lang='lat' dir='ltr'><strong>Siuelare,</strong></span> <span class='ocrx_word' id='word_1_217' title='bbox 642 2320 745 2385; x_wconf 83' lang='lat' dir='ltr'><strong>ejus</strong></span> <span class='ocrx_word' id='word_1_218' title='bbox 775 2328 941 2376; x_wconf 85' lang='lat' dir='ltr'><strong>matre,</strong></span> <span class='ocrx_word' id='word_1_219' title='bbox 979 2317 1258 2368; x_wconf 83' lang='lat' dir='ltr'><strong>Alexandro</strong></span> <span class='ocrx_word' id='word_1_220' title='bbox 1298 2318 1358 2368; x_wconf 88' lang='lat' dir='ltr'><strong>de</strong></span> <span class='ocrx_word' id='word_1_221' title='bbox 1391 2318 1496 2367; x_wconf 91' lang='lat' dir='ltr'><strong>Ard</strong></span> <span class='ocrx_word' id='word_1_222' title='bbox 1525 2328 1574 2368; x_wconf 90' lang='lat' dir='ltr'><strong>et</strong></span> <span class='ocrx_word' id='word_1_223' title='bbox 1610 2318 1802 2368; x_wconf 91' lang='lat' dir='ltr'><strong>domino</strong></span> <span class='ocrx_word' id='word_1_224' title='bbox 1837 2317 2033 2368; x_wconf 85' lang='lat' dir='ltr'><strong>Malefio</strong></span> <span class='ocrx_word' id='word_1_225' title='bbox 2064 2317 2216 2383; x_wconf 83' lang='lat' dir='ltr'><strong>Spore</strong></span> <span class='ocrx_word' id='word_1_226' title='bbox 2238 2318 2394 2368; x_wconf 83' lang='lat' dir='ltr'><strong>adhue</strong></span> 
     </span>
     <span class='ocr_line' id='line_1_23' title="bbox 383 2401 2394 2474; baseline -0 -18"><span class='ocrx_word' id='word_1_227' title='bbox 383 2407 665 2465; x_wconf 84' lang='lat' dir='ltr'><strong>viventibus,</strong></span> <span class='ocrx_word' id='word_1_228' title='bbox 691 2407 754 2456; x_wconf 86' lang='lat' dir='ltr'><strong>ad</strong></span> <span class='ocrx_word' id='word_1_229' title='bbox 776 2401 1023 2456; x_wconf 80' lang='lat' dir='ltr'><strong>dot‘ninum</strong></span> <span class='ocrx_word' id='word_1_230' title='bbox 1046 2407 1255 2457; x_wconf 86' lang='lat' dir='ltr'><strong>nostrum</strong></span> <span class='ocrx_word' id='word_1_231' title='bbox 1276 2407 1546 2473; x_wconf 84' lang='lat' dir='ltr'><strong>supremum</strong></span> <span class='ocrx_word' id='word_1_232' title='bbox 1568 2424 1728 2474; x_wconf 87' lang='lat' dir='ltr'><strong>regem</strong></span> <span class='ocrx_word' id='word_1_233' title='bbox 1761 2406 2017 2473; x_wconf 87' lang='lat' dir='ltr'><strong>Norwegie</strong></span> <span class='ocrx_word' id='word_1_234' title='bbox 2048 2405 2200 2456; x_wconf 83' lang='lat' dir='ltr'><strong>adivit</strong></span> <span class='ocrx_word' id='word_1_235' title='bbox 2223 2406 2394 2456; x_wconf 86' lang='lat' dir='ltr'><strong>Haeon</strong></span> 
     </span>
     <span class='ocr_line' id='line_1_24' title="bbox 385 2495 2395 2562; baseline -0 -17"><span class='ocrx_word' id='word_1_236' title='bbox 385 2496 588 2557; x_wconf 88' lang='lat' dir='ltr'><strong>nomine,</strong></span> <span class='ocrx_word' id='word_1_237' title='bbox 613 2513 723 2545; x_wconf 87' lang='lat' dir='ltr'><strong>cum</strong></span> <span class='ocrx_word' id='word_1_238' title='bbox 747 2513 842 2560; x_wconf 88' lang='lat' dir='ltr'><strong>quo</strong></span> <span class='ocrx_word' id='word_1_239' title='bbox 868 2512 981 2562; x_wconf 88' lang='lat' dir='ltr'><strong>rege</strong></span> <span class='ocrx_word' id='word_1_240' title='bbox 1009 2504 1163 2545; x_wconf 83' lang='lat' dir='ltr'><strong>oertas</strong></span> <span class='ocrx_word' id='word_1_241' title='bbox 1185 2495 1552 2562; x_wconf 67' lang='lat' dir='ltr'><strong>iniitpaotiones</strong></span> <span class='ocrx_word' id='word_1_242' title='bbox 1575 2495 1868 2545; x_wconf 81' lang='lat' dir='ltr'><strong>conditiones</strong></span> <span class='ocrx_word' id='word_1_243' title='bbox 1891 2503 1939 2544; x_wconf 90' lang='lat' dir='ltr'><strong>et</strong></span> <span class='ocrx_word' id='word_1_244' title='bbox 1960 2505 2395 2561; x_wconf 83' lang='lat' dir='ltr'><strong>appunctuamenta</strong></span> 
     </span>
     <span class='ocr_line' id='line_1_25' title="bbox 383 2580 2394 2652; baseline -0.001 -18"><span class='ocrx_word' id='word_1_245' title='bbox 383 2602 470 2652; x_wconf 90' lang='lat' dir='ltr'><strong>per</strong></span> <span class='ocrx_word' id='word_1_246' title='bbox 492 2585 695 2651; x_wconf 86' lang='lat' dir='ltr'><strong>quasque</strong></span> <span class='ocrx_word' id='word_1_247' title='bbox 716 2584 925 2634; x_wconf 85' lang='lat' dir='ltr'><strong>reversus</strong></span> <span class='ocrx_word' id='word_1_248' title='bbox 949 2585 1015 2634; x_wconf 82' lang='lat' dir='ltr'><strong>est</strong></span> <span class='ocrx_word' id='word_1_249' title='bbox 1037 2584 1099 2633; x_wconf 86' lang='lat' dir='ltr'><strong>ad</strong></span> <span class='ocrx_word' id='word_1_250' title='bbox 1124 2583 1362 2634; x_wconf 81' lang='lat' dir='ltr'><strong>Orchadie</strong></span> <span class='ocrx_word' id='word_1_251' title='bbox 1384 2593 1543 2650; x_wconf 82' lang='lat' dir='ltr'><strong>partes</strong></span> <span class='ocrx_word' id='word_1_252' title='bbox 1566 2582 1743 2650; x_wconf 87' lang='lat' dir='ltr'><strong>illisque</strong></span> <span class='ocrx_word' id='word_1_253' title='bbox 1765 2580 1947 2649; x_wconf 82' lang='lat' dir='ltr'><strong>gavisus</strong></span> <span class='ocrx_word' id='word_1_254' title='bbox 1970 2583 2036 2633; x_wconf 87' lang='lat' dir='ltr'><strong>est</strong></span> <span class='ocrx_word' id='word_1_255' title='bbox 2057 2583 2202 2648; x_wconf 87' lang='lat' dir='ltr'><strong>usque</strong></span> <span class='ocrx_word' id='word_1_256' title='bbox 2225 2582 2287 2632; x_wconf 85' lang='lat' dir='ltr'><strong>ad</strong></span> <span class='ocrx_word' id='word_1_257' title='bbox 2309 2600 2394 2632; x_wconf 86' lang='lat' dir='ltr'><strong>ex-</strong></span> 
     </span>
     <span class='ocr_line' id='line_1_26' title="bbox 383 2671 2392 2739; baseline -0.001 -17"><span class='ocrx_word' id='word_1_258' title='bbox 383 2683 590 2723; x_wconf 87' lang='lat' dir='ltr'><strong>tremum</strong></span> <span class='ocrx_word' id='word_1_259' title='bbox 611 2674 706 2723; x_wconf 87' lang='lat' dir='ltr'><strong>vite</strong></span> <span class='ocrx_word' id='word_1_260' title='bbox 728 2673 822 2735; x_wconf 88' lang='lat' dir='ltr'><strong>sue,</strong></span> <span class='ocrx_word' id='word_1_261' title='bbox 842 2673 1086 2739; x_wconf 88' lang='lat' dir='ltr'><strong>comesque</strong></span> <span class='ocrx_word' id='word_1_262' title='bbox 1103 2672 1307 2722; x_wconf 85' lang='lat' dir='ltr'><strong>Oroadie</strong></span> <span class='ocrx_word' id='word_1_263' title='bbox 1330 2672 1446 2722; x_wconf 91' lang='lat' dir='ltr'><strong>obiit</strong></span> <span class='ocrx_word' id='word_1_264' title='bbox 1468 2681 1517 2722; x_wconf 89' lang='lat' dir='ltr'><strong>et</strong></span> <span class='ocrx_word' id='word_1_265' title='bbox 1535 2689 1621 2738; x_wconf 92' lang='lat' dir='ltr'><strong>pro</strong></span> <span class='ocrx_word' id='word_1_266' title='bbox 1639 2671 1904 2722; x_wconf 88' lang='lat' dir='ltr'><strong>defenfione</strong></span> <span class='ocrx_word' id='word_1_267' title='bbox 1920 2671 2071 2737; x_wconf 82' lang='lat' dir='ltr'><strong>patrie</strong></span> <span class='ocrx_word' id='word_1_268' title='bbox 2088 2671 2207 2720; x_wconf 90' lang='lat' dir='ltr'><strong>inibi</strong></span> <span class='ocrx_word' id='word_1_269' title='bbox 2223 2672 2392 2721; x_wconf 84' lang='lat' dir='ltr'><strong>crude-</strong></span> 
     </span>
     <span class='ocr_line' id='line_1_27' title="bbox 382 2756 2391 2829; baseline -0.001 -19"><span class='ocrx_word' id='word_1_270' title='bbox 382 2761 490 2811; x_wconf 90' lang='lat' dir='ltr'><strong>liter</strong></span> <span class='ocrx_word' id='word_1_271' title='bbox 522 2763 582 2811; x_wconf 85' lang='lat' dir='ltr'><strong>ab</strong></span> <span class='ocrx_word' id='word_1_272' title='bbox 616 2762 817 2812; x_wconf 82' lang='lat' dir='ltr'><strong>inimicis</strong></span> <span class='ocrx_word' id='word_1_273' title='bbox 850 2770 1126 2829; x_wconf 81' lang='lat' dir='ltr'><strong>peremptus</strong></span> <span class='ocrx_word' id='word_1_274' title='bbox 1160 2762 1226 2811; x_wconf 87' lang='lat' dir='ltr'><strong>est</strong></span> <span class='ocrx_word' id='word_1_275' title='bbox 1256 2787 1269 2801; x_wconf 91' lang='lat'><strong>·</strong></span> <span class='ocrx_word' id='word_1_276' title='bbox 1307 2760 1374 2811; x_wconf 94' lang='lat' dir='ltr'><strong>Et</strong></span> <span class='ocrx_word' id='word_1_277' title='bbox 1406 2762 1510 2827; x_wconf 84' lang='lat' dir='ltr'><strong>post</strong></span> <span class='ocrx_word' id='word_1_278' title='bbox 1543 2761 1778 2810; x_wconf 85' lang='lat' dir='ltr'><strong>deceffum</strong></span> <span class='ocrx_word' id='word_1_279' title='bbox 1810 2759 1939 2810; x_wconf 85' lang='lat' dir='ltr'><strong>istius</strong></span> <span class='ocrx_word' id='word_1_280' title='bbox 1978 2760 2175 2809; x_wconf 84' lang='lat' dir='ltr'><strong>Henrioi</strong></span> <span class='ocrx_word' id='word_1_281' title='bbox 2209 2756 2391 2809; x_wconf 85' lang='lat' dir='ltr'><strong>comitis</strong></span> 
     </span>
     <span class='ocr_line' id='line_1_28' title="bbox 381 2848 2388 2916; baseline -0.001 -18"><span class='ocrx_word' id='word_1_282' title='bbox 381 2851 523 2916; x_wconf 90' lang='lat' dir='ltr'><strong>primi</strong></span> <span class='ocrx_word' id='word_1_283' title='bbox 556 2850 607 2899; x_wconf 92' lang='lat' dir='ltr'><strong>in</strong></span> <span class='ocrx_word' id='word_1_284' title='bbox 631 2850 838 2900; x_wconf 85' lang='lat' dir='ltr'><strong>Oroadie</strong></span> <span class='ocrx_word' id='word_1_285' title='bbox 866 2850 1098 2915; x_wconf 80' lang='lat' dir='ltr'><strong>partibus,</strong></span> <span class='ocrx_word' id='word_1_286' title='bbox 1132 2849 1399 2916; x_wconf 85' lang='lat' dir='ltr'><strong>supervenit</strong></span> <span class='ocrx_word' id='word_1_287' title='bbox 1432 2849 1543 2899; x_wconf 69' lang='lat' dir='ltr'><strong>dieti</strong></span> <span class='ocrx_word' id='word_1_288' title='bbox 1581 2849 1782 2899; x_wconf 83' lang='lat' dir='ltr'><strong>Comitis</strong></span> <span class='ocrx_word' id='word_1_289' title='bbox 1817 2848 2015 2899; x_wconf 83' lang='lat' dir='ltr'><strong>Hem-ici</strong></span> <span class='ocrx_word' id='word_1_290' title='bbox 2050 2848 2190 2915; x_wconf 89' lang='lat' dir='ltr'><strong>primi</strong></span> <span class='ocrx_word' id='word_1_291' title='bbox 2222 2858 2388 2907; x_wconf 83' lang='lat' dir='ltr'><strong>mater,</strong></span> 
     </span>
     <span class='ocr_line' id='line_1_29' title="bbox 382 2937 2388 3004; baseline -0 -19"><span class='ocrx_word' id='word_1_292' title='bbox 382 2938 479 2986; x_wconf 83' lang='lat' dir='ltr'><strong>filia</strong></span> <span class='ocrx_word' id='word_1_293' title='bbox 515 2939 696 2988; x_wconf 91' lang='lat' dir='ltr'><strong>domini</strong></span> <span class='ocrx_word' id='word_1_294' title='bbox 735 2937 917 2994; x_wconf 65' lang='lat' dir='ltr'><strong>melesii</strong></span> <span class='ocrx_word' id='word_1_295' title='bbox 954 2938 1157 2989; x_wconf 83' lang='lat' dir='ltr'><strong>Comitis</strong></span> <span class='ocrx_word' id='word_1_296' title='bbox 1179 2938 1510 3004; x_wconf 85' lang='lat' dir='ltr'><strong>prenominati,</strong></span> <span class='ocrx_word' id='word_1_297' title='bbox 1545 2947 1592 2988; x_wconf 90' lang='lat' dir='ltr'><strong>et</strong></span> <span class='ocrx_word' id='word_1_298' title='bbox 1624 2937 1690 2987; x_wconf 90' lang='lat' dir='ltr'><strong>ibi</strong></span> <span class='ocrx_word' id='word_1_299' title='bbox 1728 2938 1824 2987; x_wconf 82' lang='lat' dir='ltr'><strong>fixe</strong></span> <span class='ocrx_word' id='word_1_300' title='bbox 1862 2939 2079 2987; x_wconf 83' lang='lat' dir='ltr'><strong>remanfit</strong></span> <span class='ocrx_word' id='word_1_301' title='bbox 2113 2937 2255 3002; x_wconf 90' lang='lat' dir='ltr'><strong>usque</strong></span> <span class='ocrx_word' id='word_1_302' title='bbox 2289 2937 2388 3001; x_wconf 88' lang='lat' dir='ltr'><strong>post</strong></span> 
     </span>
     <span class='ocr_line' id='line_1_30' title="bbox 382 3020 2388 3094; baseline -0.002 -19"><span class='ocrx_word' id='word_1_303' title='bbox 382 3026 565 3075; x_wconf 89' lang='lat' dir='ltr'><strong>obitum</strong></span> <span class='ocrx_word' id='word_1_304' title='bbox 581 3026 666 3075; x_wconf 91' lang='lat' dir='ltr'><strong>filii</strong></span> <span class='ocrx_word' id='word_1_305' title='bbox 687 3028 790 3093; x_wconf 85' lang='lat' dir='ltr'><strong>ejus</strong></span> <span class='ocrx_word' id='word_1_306' title='bbox 814 3020 1016 3077; x_wconf 83' lang='lat' dir='ltr'><strong>Henrioi</strong></span> <span class='ocrx_word' id='word_1_307' title='bbox 1032 3020 1232 3078; x_wconf 77' lang='lat' dir='ltr'><strong>Comitis</strong></span> <span class='ocrx_word' id='word_1_308' title='bbox 1254 3027 1415 3094; x_wconf 85' lang='lat' dir='ltr'><strong>primi3</strong></span> <span class='ocrx_word' id='word_1_309' title='bbox 1439 3037 1488 3076; x_wconf 89' lang='lat' dir='ltr'><strong>et</strong></span> <span class='ocrx_word' id='word_1_310' title='bbox 1510 3026 1828 3093; x_wconf 85' lang='lat' dir='ltr'><strong>supervixerat</strong></span> <span class='ocrx_word' id='word_1_311' title='bbox 1851 3027 1952 3092; x_wconf 84' lang='lat' dir='ltr'><strong>post</strong></span> <span class='ocrx_word' id='word_1_312' title='bbox 1975 3026 2152 3075; x_wconf 91' lang='lat' dir='ltr'><strong>obitum</strong></span> <span class='ocrx_word' id='word_1_313' title='bbox 2177 3025 2388 3073; x_wconf 90' lang='lat' dir='ltr'><strong>omnium</strong></span> 
     </span>
     <span class='ocr_line' id='line_1_31' title="bbox 382 3111 2387 3180; baseline -0.001 -17"><span class='ocrx_word' id='word_1_314' title='bbox 382 3115 588 3164; x_wconf 89' lang='lat' dir='ltr'><strong>sororum</strong></span> <span class='ocrx_word' id='word_1_315' title='bbox 632 3115 836 3177; x_wconf 85' lang='lat' dir='ltr'><strong>suarum,</strong></span> <span class='ocrx_word' id='word_1_316' title='bbox 881 3115 1085 3166; x_wconf 88' lang='lat' dir='ltr'><strong>filiorum</strong></span> <span class='ocrx_word' id='word_1_317' title='bbox 1128 3115 1426 3180; x_wconf 86' lang='lat' dir='ltr'><strong>filiarumque</strong></span> <span class='ocrx_word' id='word_1_318' title='bbox 1464 3115 1683 3173; x_wconf 84' lang='lat' dir='ltr'><strong>suorum3</strong></span> <span class='ocrx_word' id='word_1_319' title='bbox 1720 3115 1782 3164; x_wconf 88' lang='lat' dir='ltr'><strong>fio</strong></span> <span class='ocrx_word' id='word_1_320' title='bbox 1809 3114 1954 3179; x_wconf 67' lang='lat' dir='ltr'><strong>⁴quod</strong></span> <span class='ocrx_word' id='word_1_321' title='bbox 1990 3113 2129 3179; x_wconf 84' lang='lat' dir='ltr'><strong>ipfius</strong></span> <span class='ocrx_word' id='word_1_322' title='bbox 2165 3111 2387 3161; x_wconf 59' lang='lat' dir='ltr'><strong>antedi&amp;</strong></span> 
     </span>
    </p>
   </div>
  </div>
 </body>
</html>
