2808 3926
1066 380 1171 429 DE
1215 379 1755 432 INCHAFFERY.
2381 385 2410 428 5

398 536 460 584 ad
490 536 835 587 dedicationem
860 537 1035 603 capelle
1059 538 1199 604 ipfius
1233 565 1246 578 ·
1284 538 1391 588 Hec
1414 539 1560 605 igitur
1583 537 1742 587 omnia
1763 554 1874 586 cum
1897 536 2116 586 omnibus
2138 535 2200 584 ad
2223 553 2279 584 ea
2301 552 2412 601 per-

398 625 657 675 tinentibus
680 625 895 675 volumus
922 635 978 675 ut
1003 626 1212 692 prefatus
1239 625 1450 681 oealifius
1475 636 1524 675 et
1552 626 1751 674 universi
1781 642 1891 674 cum
1919 642 1975 674 eo
2002 623 2077 673 vel
2103 624 2205 689 post
2229 641 2339 673 eum
2363 623 2412 671 in

398 712 580 778 prefata
602 713 750 762 insula
766 713 876 763 Deo
894 713 1143 763 servientes
1161 724 1208 763 et
1226 713 1438 763 servituri
1460 713 1510 762 in
1532 730 1648 779 pace
1666 713 1763 762 Dei
1781 723 1829 763 et
1847 712 2028 762 domini
2050 712 2174 779 regis
2192 721 2239 761 et
2257 712 2413 760 nostra

398 809 593 849 teneant
620 809 667 849 et
694 801 953 867 possideant
976 800 1036 850 de
1067 800 1203 850 nobis
1233 811 1282 850 et
1311 801 1564 851 heredibus
1595 801 1762 850 nostris
1784 801 1834 849 in
1864 817 2033 866 puram
2056 810 2104 850 et
2133 809 2413 867 perpetuam

398 887 693 937 elemosinam
722 906 807 955 pro
830 888 974 938 salute
995 889 1154 938 nostra
1179 898 1228 938 et
1254 888 1509 938 liberorum
1536 897 1807 938 nostrorum
1829 898 1878 938 et
1907 888 2121 938 omnium
2150 888 2413 937 amicorum

399 986 670 1026 nostrorum
697 987 753 1025 'et
786 994 872 1043 pro
910 977 1156 1026 animabus
1192 977 1406 1025 omnium
1444 977 1782 1026 antecessorum
1815 977 2079 1025 nostrorum
2109 985 2158 1025 et
2190 976 2414 1042 precipue

398 1083 484 1130 pro
511 1066 670 1114 anima
695 1064 886 1115 Gilcrist
911 1065 1216 1132 primogeniti
1242 1064 1386 1114 nostri
1415 1064 1593 1114 ibidem
1627 1064 1902 1130 quiescentis
1941 1092 1952 1103 ·
1990 1064 2058 1113 ita
2083 1063 2227 1113 libere
2254 1063 2413 1128 quiete

399 1152 608 1218 plenarie
631 1162 681 1202 et
705 1153 965 1203 honorifice
986 1155 1104 1202 ficut
1130 1151 1288 1218 aliqua
1313 1152 1484 1201 domus
1505 1151 1743 1218 religionis
1764 1151 1815 1199 in
1849 1160 1949 1201 toto
1970 1168 2118 1217 regno
2142 1150 2414 1201 Scottorum

396 1241 500 1290 suas
523 1241 812 1307 pofl’effiones
834 1240 1027 1290 liberius
1050 1240 1261 1306 quiecius
1294 1239 1537 1307 plenarius
1567 1249 1616 1289 et
1646 1239 2033 1288 honorificentius
2062 1248 2196 1289 tenet
2228 1248 2276 1288 et
2308 1241 2414 1305 pos-

399 1330 517 1378 fidet
551 1357 563 1368 ·
600 1328 839 1378 Omnibus
861 1346 973 1378 vero
995 1329 1162 1378 nostris
1185 1346 1245 1377 ex
1268 1336 1404 1395 parte
1426 1327 1524 1378 Dei
1552 1337 1600 1377 et
1627 1329 1784 1383 nostra
1804 1328 2003 1377 firmiter
2027 1328 2331 1395 prohibemus
2354 1346 2415 1377 ne

401 1417 646 1482 quisquam
669 1433 833 1466 eorum
858 1415 1015 1466 eidem
1036 1415 1140 1466 loco
1163 1415 1237 1464 vel
1264 1417 1367 1482 ejus
1398 1415 1620 1465 ministris
1642 1417 1733 1465 five
1756 1416 1899 1466 etiam
1925 1433 2013 1482 pro
2038 1432 2156 1482 pace
2178 1415 2417 1481 querenda

401 1505 464 1554 ad
503 1521 613 1553 eum
651 1503 1031 1571 confugientibus
1066 1503 1245 1570 aliquid
1277 1503 1489 1554 molestie
1523 1503 1599 1554 vel
1632 1504 1807 1571 injurie
1840 1503 2011 1553 inferat
2043 1503 2182 1569 super
2213 1504 2418 1552 nostram

402 1594 662 1660 plenariam
695 1593 1030 1643 foriffafflzuram
1064 1622 1075 1633 ·
1112 1594 1384 1660 quicunque
1405 1611 1517 1643 vero
1545 1593 1806 1643 amicorum
1832 1592 1907 1643 vel
1933 1592 2145 1642 fidelium
2171 1592 2416 1642 hominum

402 1684 664 1732 nostrorum
683 1682 838 1731 eidem
860 1682 962 1731 loco
980 1681 1138 1748 aliqua.
1158 1682 1219 1731 de
1240 1682 1333 1730 suis
1353 1681 1658 1731 facultatibus
1677 1681 1924 1732 caritatiue
1942 1680 2192 1730 contulerit
2210 1681 2419 1730 conferat

405 1771 450 1820 ei
480 1771 703 1820 dominus
732 1771 858 1819 bona
888 1770 938 1818 in
969 1780 1096 1820 terra
1125 1769 1396 1819 uiuentium
1434 1799 1444 1809 ·
1480 1770 1628 1819 Facta
1657 1771 1724 1819 est
1752 1770 1842 1820 hec
1872 1770 2164 1820 confirmatio
2195 1787 2322 1836 anno
2360 1770 2418 1818 ab

405 1858 732 1908 incarnatione
778 1858 979 1907 Domini
1029 1857 1269 1907 millesimo
1316 1865 1418 1907 cc¹¹¹⁰
1463 1859 1720 1908 indictione
1765 1858 1904 1907 tertia
1948 1875 2073 1906 anno
2117 1857 2251 1922 regni
2295 1857 2418 1923 regis

407 1946 634 1997 Willelmi
669 1953 817 1994 xxxv⁰
854 1974 865 1985 ·
901 1947 960 1995 ab
989 1947 1122 1995 obitu
1150 1946 1470 2013 prenominati
1503 1947 1588 1996 filii
1619 1947 1762 1996 nostri
1795 1945 1988 1996 Gilcrist
2021 1963 2146 1994 anno
2176 1945 2379 1994 secundo
2406 1971 2418 1982 ·

408 2034 523 2083 obiit
545 2042 705 2083 autem
729 2034 868 2084 tertio
891 2051 1041 2083 nonas
1057 2034 1275 2084 Οᾶὶοῦτίε
1296 2062 1307 2074 ·
1329 2034 1490 2101 Hujus
1507 2043 1667 2082 autem
1691 2032 1958 2082 donationis
1980 2041 2029 2081 et
2051 2031 2419 2080 confirmationis

407 2123 512 2170 sunt
548 2123 689 2171 testes
724 2122 791 2188 hij
832 2149 844 2161 ·
884 2122 1104 2189 Rogerus
1138 2122 1399 2188 Episcopus
1437 2120 1580 2169 sanciti
1612 2119 1810 2169 Andree
1838 2139 1866 2158 ··
1883 2118 2127 2168 Johannes
2155 2118 2418 2184 Episcopus

409 2211 762 2260 Dunkeldenfis
804 2238 816 2250 ·
856 2211 1091 2261 Jonathas
1132 2211 1393 2277 Episcopus
1430 2209 1784 2258 Dunblanenfis
1824 2234 1836 2246 ·
1883 2207 2120 2256 Henricus
2155 2207 2322 2256 Abbas
2359 2208 2418 2257 de

407 2299 784 2366 Abbyrbrothok
817 2329 828 2339 ·
863 2299 1176 2349 Reimbaldus
1198 2299 1366 2349 Abbas
1390 2299 1450 2348 de
1476 2297 1634 2348 Scona
1668 2324 1680 2336 ·
1719 2297 1959 2346 Robertus
1984 2296 2153 2345 Abbas
2183 2297 2241 2345 de
2273 2297 2418 2345 Dun-

407 2387 611 2454 fermlyn
653 2417 663 2426 ·
714 2389 954 2437 Robertus
1000 2388 1060 2437 de
1102 2387 1296 2455 Quincy
1344 2415 1355 2427 ·
1403 2386 1595 2436 Scierus
1635 2385 1695 2434 de
1738 2384 1931 2451 Quincy
1973 2413 1985 2423 ·
2022 2383 2239 2438 (Dalisius
2277 2384 2421 2433 frater

410 2475 594 2524 comitis
622 2502 634 2514 ·
661 2474 928 2525 Willelmus
953 2503 965 2515 ·
994 2475 1235 2525 Ferthead
1258 2501 1270 2516 -
1296 2474 1538 2524 Robertus
1563 2500 1576 2513 ·
1603 2472 1690 2521 filii
1712 2471 1897 2539 comitis
1922 2499 1934 2511 ·
1959 2471 2175 2522 Gillimes
2199 2471 2382 2537 dapifer
2407 2498 2419 2510 ·

410 2562 621 2617 malifius
642 2563 765 2613 filius
789 2566 892 2629 ejus
909 2591 921 2603 ·
941 2563 1283 2614 Constantinus
1300 2562 1452 2629 judex
1473 2589 1484 2601 ·
1504 2561 1800 2610 Dunecanus
1822 2559 1946 2608 filius
1970 2559 2151 2626 COalicij
2173 2586 2186 2599 ·
2204 2559 2423 2609 Anechol

411 2649 601 2700 theinus
624 2652 684 2702 de
707 2652 907 2702 Dunine
932 2680 944 2692 ·
972 2651 1164 2703 Gilerist
1190 2680 1201 2691 ·
1227 2651 1359 2702 Gull’
1380 2680 1390 2691 ·
1410 2650 1632 2718 Nigellus
1656 2651 1716 2700 de
1740 2649 2025 2716 Dolpatrick
2049 2677 2061 2689 ·
2088 2649 2390 2698 Tristrannus
2412 2678 2421 2687 ·

414 2737 751 2790 Constantinus
773 2742 999 2806 pincerna
1025 2770 1035 2780 -
1065 2740 1303 2790 Henricus
1328 2739 1598 2789 Rennarius
1624 2767 1634 2778 ·
