2808 3926
467 372 528 417 28
1227 366 1709 417 REGISTRUM

464 523 763 590 apposuimus
795 534 842 572 et
869 524 932 571 ad
960 523 1188 588 majorem
1210 521 1507 570 secui-itatem
1530 519 1728 585 sigillum
1747 519 2030 568 vvenerabilis
2053 519 2201 585 patris
2224 519 2367 568 nostri
2393 519 2432 569 O
2465 546 2475 557 ·

465 612 542 660 dei
563 611 716 676 gratia
734 610 1083 659 Dunblanenfis
1102 608 1303 674 episcopi
1326 607 1480 656 eidem
1497 606 1675 672 apponi
1696 606 2055 672 procurauimus
2082 633 2092 644 ·
2119 605 2229 653 Hiis
2249 606 2444 655 testibus
2465 632 2475 642 ·

465 700 506 750 G
534 729 544 738 ·
569 700 646 748 dei
676 698 831 764 gratia
861 696 1188 745 Dunblanenfi
1216 696 1431 762 episcopo
1465 723 1475 734 ·
1517 694 1752 743 nobilibus
1784 694 1894 742 viris
1935 694 2128 742 domino
2162 694 2195 742 J
2198 694 2381 742 oachim
2418 694 2477 743 (16

466 786 679 852 Kynbuk
703 795 750 834 et
773 784 964 833 domino
981 783 1201 833 Gilberto
1220 783 1280 831 de
1298 781 1516 831 Ruthfen
1538 781 1762 836 militibus
1779 808 1791 821 ·
1813 782 2008 830 domino
2031 780 2216 835 COalifio
2241 780 2476 829 auunculo

462 874 641 923 domin-i
663 874 720 927 0,)
746 901 757 911 ·
787 871 975 920 comitis
1002 899 1012 910 ·
1039 871 1279 920 Trestram
1303 871 1363 919 de
1389 869 1547 936 Gorty
1587 898 1597 908 ·
1634 869 1792 919 Alano
1826 868 2094 919 marescallo
2119 869 2228 918 dicti
2253 870 2437 919 comitis
2465 898 2476 908 ·

464 961 782 1011 Summerleth
807 989 818 999 ·
844 970 892 1009 et
914 959 1075 1009 multis
1099 960 1201 1008 aliis
1227 987 1238 1000 ·

461 1216 557 1282 De
581 1234 775 1283 decimis
797 1232 969 1288 malifii
993 1233 1176 1282 comitis
1201 1232 1443 1299 capiendis
1466 1233 1526 1282 de
1550 1231 1697 1282 thano
1721 1232 1780 1281 de
1805 1232 2022 1298 Dunyne
2044 1261 2054 1270 ·

371 1414 434 1462 26
460 1393 696 1472 malifius
725 1429 880 1461 comes
912 1411 971 1459 de
1003 1410 1291 1477 Stratheryn
1319 1409 1488 1459 dilecto
1517 1419 1565 1459 et
1592 1409 1723 1458 fideli
1745 1411 1824 1458 suo
1848 1408 2006 1458 Bricio
2035 1409 2181 1458 thano
2210 1410 2270 1459 de
2299 1410 2472 1459 Dunin

455 1498 648 1548 salutem
692 1527 703 1538 ·
753 1499 961 1549 Noueris
1003 1516 1089 1548 nos
1130 1498 1296 1548 Deum
1343 1499 1566 1547 abbatem
1607 1507 1656 1547 et
1696 1507 1986 1546 conuentum
2028 1498 2088 1547 (16
2129 1498 2371 1547 Inchafrin
2411 1500 2472 1548 ad

455 1588 623 1654 viginti
659 1605 839 1643 marcas
876 1588 1006 1654 apud
1040 1587 1213 1635 Dunin
1251 1587 1310 1636 (16
1344 1588 1482 1636 firma
1515 1587 1670 1636 nostra
1703 1586 2008 1635 medietatem
2039 1587 2100 1634 ad
2129 1587 2296 1635 festum
2330 1588 2472 1638 sancti

455 1676 654 1729 COartini
689 1686 736 1726 et
773 1677 910 1726 aliam
948 1676 1251 1725 medietatem
1292 1675 1354 1723 ad
1391 1676 1703 1724 Pentecosten
1739 1674 1929 1741 fingulis
1965 1675 2103 1723 annis
2142 1676 2470 1742 percipiendas

454 1763 687 1828 affignafi'e
709 1793 719 1802 ·
746 1764 909 1821 Quare
926 1763 1145 1813 volumus
1170 1772 1218 1812 et
1240 1762 1557 1828 precipientes
1580 1763 1779 1811 firmiter
1802 1762 2085 1810 mandamus
2104 1772 2336 1826 quatenus
2354 1763 2470 1811 nulli

452 1851 730 1900 balliuorum
765 1855 1028 1902 nostrorum
1064 1854 1158 1901 fiue
1199 1851 1316 1900 nulli
1352 1851 1494 1900 alicui
1526 1851 1606 1901 alii
1640 1853 1901 1901 nostrorum
1937 1852 2032 1900 flue
2067 1850 2183 1899 nulli
2218 1851 2356 1900 alicui
2389 1852 2467 1900 alii

452 1940 534 1987 nifi
575 1942 856 1990 tantumodo
895 1941 1054 1990 abbati
1088 1950 1136 1989 et
1170 1941 1408 1989 canonicis
1445 1941 1504 1989 de
1541 1940 1785 1989 Inchafrin
1818 1939 1892 1988 vel
1930 1958 2091 1989 eorum
2132 1941 2368 2007 affignatis
2407 1943 2467 1990 de

450 2029 668 2093 predictis
689 2030 855 2096 viginti
873 2030 1041 2082 marcis
1059 2029 1120 2078 ad
1138 2029 1376 2095 predictos
1394 2028 1620 2078 terminos
1636 2028 1957 2095 persoluendis
1980 2029 2165 2077 studeas
2188 2030 2465 2094 respondere

444 2127 500 2189 'et
530 2126 585 2166 ut
613 2119 841 2183 majorem
866 2119 989 2167 circa
1010 2118 1287 2167 solutionem
1312 2117 1537 2166 adhibeas
1566 2116 1859 2183 diligentiam
1889 2117 2147 2166 statuentes
2178 2119 2464 2184 precipimus

451 2207 577 2271 quod
607 2208 640 2254 11
669 2207 791 2256 infra
819 2209 1035 2256 octauum
1068 2207 1194 2256 diem
1225 2206 1540 2271 predictorum
1573 2206 1884 2255 terminorum
1915 2223 1944 2254 a
1973 2205 2201 2256 solutione
2233 2208 2460 2257 dictorum
2491 2206 2495 2210 ’

450 2294 754 2344 denariorum
780 2295 1026 2344 ceffaueris
1048 2312 1224 2361 penam
1248 2295 1417 2360 viginti
1440 2294 1689 2343 solidorum
1721 2294 1929 2359 qualibet
1951 2295 2207 2361 septimana
2228 2297 2330 2362 post
2353 2314 2461 2362 pre-

449 2381 623 2431 dictum
646 2383 865 2431 octauum
889 2383 1014 2432 diem
1040 2382 1170 2448 apud
1191 2399 1278 2430 nos
1301 2382 1514 2431 incurras
1541 2409 1552 2420 ·
1586 2381 1645 2430 In
1672 2381 1897 2446 cujusrei
1921 2383 2239 2431 testimonium
2264 2372 2459 2449 sigillum

449 2471 656 2519 nostrum
679 2471 882 2536 presenti
905 2471 1074 2535 scripto
1097 2479 1319 2536 patenter
1341 2470 1642 2536 apposuimus
1660 2497 1679 2510 v·

449 2715 544 2782 De
566 2731 836 2781 molendino
859 2732 997 2797 super
1020 2731 1181 2781 Pefrin
1206 2759 1218 2771 ·

360 2914 421 2967 27
453 2893 710 2960 Gilbertus
735 2926 891 2959 comes
915 2909 974 2958 de
1007 2908 1292 2976 Stratheryn
1315 2911 1533 2960 omnibus
1557 2912 1717 2960 amicis
1741 2921 1789 2961 et
1812 2912 2082 2963 hominibus
2104 2915 2195 2964 suis
2218 2915 2410 2966 salutem
2437 2944 2448 2958 ·

448 2998 617 3048 Sciatis
649 3016 723 3046 me
747 2997 921 3046 dedifl‘e
953 3007 1001 3046 et
1025 2998 1281 3046 conceffifl‘e
1313 3008 1360 3047 et
1390 2999 1480 3047 hac
1512 3009 1639 3048 carta
1669 3017 1775 3048 mea
1803 3001 2091 3051 confirmasse
2115 3003 2205 3052 deo
2228 3014 2276 3052 et
2298 3005 2451 3054 sancto

445 3087 653 3137 ι1611611111
693 3086 976 3153 euangeliste
1016 3086 1076 3135 de
1117 3086 1375 3135 Inchaffrin
1421 3097 1469 3137 et
1515 3089 1751 3138 canonicis
1798 3090 1970 3138 ibidem
2014 3091 2103 3141 deo
2141 3093 2450 3143 seruientibus
