2808 3926
1069 384 1173 432 DE
1212 386 1750 437 INCHAFFERY.
2352 397 2414 441 45

398 538 631 587 dictorum
664 537 882 603 judicum
918 554 1104 585 necnon
1139 548 1187 587 et
1219 539 1366 605 figillo
1400 541 1676 590 venerabilis
1717 543 1862 608 patris
1902 544 2108 609 Philippi
2144 545 2221 594 dei
2255 547 2407 610 gratia

396 628 580 675 abbatis
616 628 675 677 de
713 627 870 676 Scona
904 626 985 691 qui
1019 625 1161 691 hujus
1196 628 1323 676 testis
1355 630 1420 678 est
1461 630 1550 678 feci
1582 631 1757 697 apponi
1794 661 1804 671 ·
1846 633 2008 681 datum
2042 633 2169 698 apud
2202 633 2406 683 Soonarn

394 717 456 764 ad
491 716 657 765 festum
697 715 844 765 sancti
892 714 1141 769 michaelis
1187 733 1312 765 anno
1352 718 1502 783 gratie
1546 724 1611 773 <0⁰
1658 725 1731 767 cc⁰
1770 721 1974 786 xxx⁰vij⁰
2016 751 2026 760 -
2071 722 2179 770 Hiis
2215 723 2406 771 testibus

397 805 590 853 domino
626 804 830 870 Phillipo
860 804 1029 858 abbate
1062 812 1109 852 et
1144 803 1335 852 domino
1372 804 1422 852 H
1461 805 1614 869 priore
1649 807 1708 855 de
1746 807 1901 857 Scona
1930 838 1940 848 ·
1973 809 2164 859 domino
2199 811 2405 859 Ricardo

394 893 550 959 priore
581 894 640 942 de
666 891 1029 943 Cambuskencll
1063 901 1111 940 et
1134 892 1353 958 magistro
1378 893 1410 942 J
1413 893 1599 944 ohanne
1625 897 1801 946 rectore
1824 897 2007 948 ecclefie
2032 899 2091 948 de
2117 899 2364 966 Striuillyn
2391 928 2402 940 ·

393 981 598 1030 Patricio
621 980 717 1030 filio
743 979 968 1030 Willelmi
991 980 1268 1028 vicecomite
1293 980 1352 1029 de
1377 981 1523 1030 Perth
1546 992 1594 1032 et
1616 983 1775 1032 multis
1798 984 1899 1034 aliis
1924 1012 1935 1025 ·

393 1228 622 1294 Donatio
647 1254 695 1295 et
719 1245 852 1311 quita
874 1243 1092 1294 clamatio
1117 1245 1176 1294 de
1199 1262 1292 1293 vna
1314 1263 1474 1294 marca
1496 1247 1641 1295 annui
1664 1248 1878 1298 redditus
1902 1250 1961 1300 de
1985 1250 2311 1319 Tullybardyn
2339 1281 2348 1291 ·

304 1437 367 1484 46
397 1401 655 1468 Omnibus
687 1419 810 1468 hanc
845 1428 1023 1469 cartam
1051 1419 1213 1468 visuris
1247 1419 1322 1470 vel
1350 1421 1580 1470 audituris
1604 1421 1824 1473 Andreas
1847 1425 1907 1474 de
1930 1426 2149 1477 morauia
2170 1426 2230 1475 de
2254 1425 2406 1492 Tuly-

392 1509 578 1574 bardyn
591 1508 786 1557 salutem
801 1517 1016 1557 eternam
1033 1537 1042 1547 ·
1062 1509 1189 1558 Cum
1207 1509 1449 1576 cujusdam
1465 1515 1775 1563 controuerfie
1793 1514 2014 1563 distancia
2033 1515 2155 1564 inter
2168 1501 2402 1582 religiosos

392 1602 515 1651 viros
549 1602 768 1651 abbatem
801 1611 849 1651 et
883 1611 1174 1651 conuentum
1211 1602 1271 1651 de
1307 1602 1464 1652 Insula
1487 1604 1732 1658 COiffarum
1768 1621 1827 1652 ex
1861 1613 1995 1669 parte
2028 1621 2120 1651 vna
2153 1613 2201 1652 et
2234 1622 2311 1653 me
2345 1621 2405 1652 ex

394 1699 526 1757 parte
551 1689 697 1739 altera
719 1708 805 1756 per
828 1690 1088 1739 triennium
1112 1699 1160 1739 et
1183 1689 1304 1739 vltra
1326 1690 1479 1740 fuifl'et
1501 1692 1684 1741 ratione
1702 1691 1838 1739 vnius
1855 1709 2012 1740 marce
2029 1691 2175 1740 annui
2192 1691 2405 1740 redditus

394 1797 480 1845 per
514 1779 693 1828 dictum
729 1788 920 1844 tempus
960 1796 990 1827 a
1025 1779 1160 1828 dictis
1198 1778 1421 1844 religiofis
1457 1798 1543 1846 per
1578 1798 1655 1829 me
1691 1780 1885 1829 detente
1923 1788 1971 1829 et
2001 1781 2228 1828 abstracte
2262 1797 2405 1844 quam

395 1867 588 1933 quidem
622 1884 828 1915 marcam
863 1866 977 1915 dicti
1010 1866 1207 1932 religiosi
1247 1867 1505 1916 afferebant
1540 1868 1584 1916 se
1618 1868 1870 1934 percepiffe
1907 1867 2150 1916 annuatim
2188 1868 2248 1915 ad
2285 1868 2404 1916 duos

397 1956 624 2005 terminos
658 1955 876 2004 videlicet
912 1956 974 2003 ad
1009 1955 1123 2004 festa
1159 1956 1429 2021 penticostis
1464 1966 1512 2005 et
1544 1957 1689 2006 sancti
1717 1957 1914 2011 martini
1949 1957 2008 2006 de
2042 1966 2312 2005 tenemento
2346 1957 2406 2005 de

399 2042 714 2110 Tulybardyn
738 2044 932 2092 nomine
955 2043 1191 2092 dictarum
1216 2044 1505 2093 decimarum
1531 2045 1739 2111 ejusdem
1766 2073 1776 2083 ·
1803 2044 1983 2093 Habita
2004 2044 2114 2093 hinc
2137 2044 2248 2093 inde
2271 2045 2407 2110 super

398 2131 486 2180 hac
509 2131 632 2180 inter
655 2131 775 2197 ipsos
799 2140 846 2180 et
869 2148 946 2179 me
969 2131 1121 2196 sepius
1144 2130 1239 2180 litis
1262 2131 1566 2181 altercatione
1593 2133 1788 2182 tandem
1811 2133 1872 2181 ad
1896 2132 2242 2181 ordinationem
2261 2150 2406 2181 vene-

397 2220 554 2268 rabilis
588 2219 737 2286 patris
773 2220 820 2267 in
860 2219 1046 2269 Christo
1074 2219 1254 2267 domini
1282 2220 1503 2274 mauricii
1535 2220 1613 2270 dei
1643 2220 1795 2287 gratia
1826 2221 2027 2287 episcopi
2058 2219 2406 2269 Dunblanenfis

399 2309 590 2375 cognita
618 2308 689 2357 rei
715 2308 912 2357 veritate
944 2308 1191 2357 euidenter
1218 2318 1460 2374 repertum
1492 2318 1593 2357 erat
1621 2309 1748 2374 quod
1779 2309 1948 2375 prefati
1974 2308 2170 2375 religiosi
2198 2319 2246 2358 et
2274 2309 2405 2357 suum

399 2397 728 2452 <nonasterium
768 2397 961 2446 fuerunt
1001 2397 1050 2445 in
1090 2397 1357 2463 pofl‘eflione
1398 2397 1593 2463 pacifica
1633 2414 1662 2445 a
1694 2406 1907 2463 tempore
1946 2398 2083 2463 cujus
2122 2414 2218 2445 non
2258 2398 2407 2446 exstat

400 2484 627 2534 memoria
657 2484 784 2532 illam
811 2501 1018 2533 marcam
1052 2493 1103 2533 vt
1136 2484 1429 2550 premittitur
1458 2484 1718 2551 recipiendi
1744 2485 2000 2534 secundum
2022 2487 2150 2550 quod
2179 2485 2227 2533 in
2262 2484 2406 2533 literis

400 2574 712 2624 donationum
735 2573 1074 2623 antecefl‘orum
1096 2591 1312 2622 meorum
1335 2573 1446 2622 inde
1470 2573 1695 2623 confectis
1726 2574 1912 2640 plenius
1939 2574 2111 2622 dicitur
2137 2574 2367 2623 contineri
2393 2601 2404 2612 ·

400 2662 564 2711 Deum
579 2661 704 2711 enim
719 2661 899 2710 habens
913 2679 999 2728 pre
1013 2661 1160 2711 oculis
1175 2671 1377 2727 votaque
1391 2662 1470 2728 pia
1483 2671 1735 2728 parentum
1748 2679 1962 2711 meorum
1975 2661 2229 2728 infringere
2243 2660 2407 2711 nolens

401 2751 479 2801 sed
508 2752 665 2818 potius
689 2768 861 2817 augere
893 2768 982 2799 nec
1005 2750 1157 2799 dictos
1179 2749 1415 2816 religiosos
1437 2749 1633 2799 vlterius
1655 2767 1825 2799 vexare
1849 2750 2018 2816 injuste
2040 2750 2235 2816 cupiens
2258 2759 2406 2799 totam

402 2840 731 2890 clamationem
753 2857 840 2906 per
862 2857 939 2888 me
962 2848 1115 2889 ortam
1137 2840 1215 2888 seu
1237 2839 1445 2888 habitam
1468 2838 1543 2888 vel
1570 2856 1655 2905 per
1676 2857 1753 2888 me
1776 2848 1858 2888 aut
1880 2839 2076 2888 heredes
2099 2856 2228 2888 meos
2250 2838 2404 2904 aliquo

401 2930 543 2979 modo
566 2929 705 2979 titulo
727 2929 800 2978 vel
824 2939 1038 2996 tempore
1061 2928 1111 2977 in
1134 2929 1257 2978 dicta
1279 2946 1437 2977 marca
1457 2928 1517 2977 de
1539 2937 1695 2977 cetero
1713 2928 1978 2977 habendam
1996 2928 2166 2977 eisdem
2188 2927 2405 2994 religiofis

401 3019 567 3085 sponte
594 3027 642 3067 et
671 3018 860 3083 penitus
891 3019 1071 3084 refigno
1102 3027 1149 3066 et
1177 3017 1556 3083 prenominatam
1586 3034 1793 3065 marcam
1823 3026 1878 3065 ut
1909 3017 2167 3083 predictum
2195 3017 2260 3064 est
2287 3034 2406 3081 quo-

401 3107 517 3156 libet
551 3124 675 3155 anno
708 3106 1063 3173 percipiendam
1103 3106 1212 3155 Deo
1258 3115 1306 3155 et
1344 3107 1483 3157 beate
1517 3105 1672 3159 coarie
1706 3115 1754 3155 et
1786 3106 1924 3155 beato
1958 3104 2165 3154 Johanni
2202 3104 2405 3170 apostolo
