2808 3926
1072 376 1176 424 DE
1216 377 1749 428 INCHAFFERY.
2353 387 2415 431 43

408 596 569 663 Carta
592 624 716 665 terre
740 615 800 664 de
823 614 1070 681 Dunyduf
1087 640 1100 653 ·

313 788 374 832 44
405 773 661 841 Omnibus
684 791 775 842 hoc
796 791 1023 857 scriptum
1046 791 1207 840 visuris
1231 791 1305 841 vel
1336 793 1565 844 audituris
1589 794 1773 844 Bricius
1801 796 1860 846 de
1884 797 2172 849 Ardrofl'ane
2200 807 2411 848 eternam

399 881 448 930 in
473 882 665 931 domino
687 881 882 931 salutem
907 908 919 920 ·
945 880 1152 930 Nouerit
1174 881 1446 930 vniuerfitas
1468 884 1618 932 vestra
1644 902 1720 934 me
1751 903 1836 951 pro
1865 885 2008 935 salute
2043 887 2199 937 anime
2227 906 2331 937 mee
2366 898 2411 935 et

397 971 736 1021 antecefl‘orum
767 988 983 1020 meorum
1019 970 1278 1019 conceffifl‘e
1318 980 1366 1020 et
1405 972 1640 1038 affignafl’e
1681 983 1729 1022 et
1768 973 1857 1023 hac
1896 975 2099 1041 presenti
2140 987 2269 1025 carta
2306 995 2412 1025 mea

398 1061 685 1109 confirmaffe
711 1059 822 1109 Deo
850 1069 898 1109 et
921 1060 1060 1109 beate
1087 1059 1241 1113 marie
1270 1069 1318 1108 et
1346 1059 1500 1109 sancto
1524 1061 1556 1109 J
1559 1060 1734 1111 ohanni
1756 1063 1963 1128 apostolo
1987 1073 2036 1113 et
2059 1065 2340 1131 euangeliste
2365 1076 2410 1113 et

395 1150 554 1199 abbati
582 1161 630 1199 et
660 1149 918 1199 conuentui
945 1149 1005 1198 de
1037 1148 1195 1197 Insula
1226 1149 1473 1203 COiffarum
1503 1159 1550 1198 et
1577 1150 1667 1198 suis
1697 1151 2023 1201 successoribus
2052 1154 2101 1201 in
2130 1164 2410 1220 perpetuum

395 1237 523 1287 illam
557 1238 836 1305 perticulam
866 1248 991 1288 terre
1024 1239 1156 1286 fitam
1189 1237 1238 1285 in
1271 1238 1508 1287 territorio
1539 1239 1599 1288 de
1635 1239 1870 1307 Petlandy
1894 1259 2036 1306 quam
2066 1260 2154 1308 ego
2186 1243 2245 1291 de
2275 1243 2410 1291 Luca

395 1326 491 1376 filio
523 1326 805 1393 Theobaldy
833 1326 895 1375 ad
921 1326 1110 1375 feodam
1143 1327 1330 1374 firmam
1363 1335 1505 1376 teneo
1531 1344 1642 1375 cum
1673 1328 1891 1377 omnibus
1914 1329 2004 1377 suis
2039 1330 2332 1395 pertinentiis
2362 1341 2409 1379 et

394 1414 562 1464 ceteris
585 1414 883 1480 ayfiamentis
900 1431 986 1480 per
1009 1414 1112 1462 suas
1134 1414 1283 1464 rectas
1307 1414 1479 1463 diuisas
1498 1425 1639 1481 prout
1662 1415 1712 1463 in
1735 1426 1863 1465 carta
1885 1416 2009 1466 inter
2032 1418 2207 1466 dictum
2226 1418 2408 1466 Lucam

393 1511 442 1551 et
473 1519 551 1551 me
585 1502 722 1568 super
755 1502 847 1551 hoc
879 1502 998 1551 facta
1028 1501 1215 1568 plenius
1250 1502 1522 1552 continetur
1559 1532 1569 1542 ·
1606 1504 1860 1552 tenendam
1888 1514 1935 1554 et
1961 1505 2227 1554 habendam
2255 1506 2336 1553 fibi
2360 1516 2407 1554 et

392 1590 717 1639 successoribus
757 1590 848 1639 suis
888 1590 938 1638 in
974 1599 1261 1656 perpetuum
1299 1591 1359 1639 de
1400 1608 1477 1639 me
1517 1600 1565 1639 et
1606 1590 1857 1640 heredibus
1897 1592 2014 1641 meis
2055 1593 2132 1641 seu
2173 1594 2406 1658 affignatis

390 1678 534 1728 libere
568 1688 616 1728 et
651 1679 808 1744 quiete
842 1680 957 1728 ficut
990 1679 1181 1728 liberius
1216 1679 1426 1745 quiecius
1458 1697 1546 1745 ego
1578 1679 1749 1728 dictam
1778 1689 1951 1729 terram
1982 1682 2113 1730 tenui
2141 1680 2214 1730 vel
2247 1691 2405 1730 tenere

392 1768 526 1834 potui
569 1796 580 1806 ·
628 1767 896 1817 Reddendo
937 1768 1048 1816 inde
1088 1767 1335 1817 annuatim
1371 1786 1513 1816 vnam
1552 1785 1755 1819 marcam
1795 1769 1979 1834 argenti
2018 1769 2187 1819 scilicet
2226 1770 2406 1818 inedic-

391 1863 539 1904 tatem
571 1855 633 1904 ad
656 1855 968 1904 Pentecosten
992 1865 1040 1904 et
1062 1854 1204 1904 aliam
1228 1854 1533 1904 medietatem
1556 1855 1619 1904 ad
1645 1855 1814 1904 festum
1836 1857 1975 1905 sancti
1998 1857 2197 1911 martini
2219 1857 2403 1906 cuidam

391 1942 635 2009 capellano
671 1943 834 1992 diuina
867 1942 1124 1993 celebranti
1163 1943 1212 1990 in
1250 1942 1554 1992 elimofinario
1591 1943 1651 1992 de
1688 1942 1844 1992 Insula
1883 1944 2126 1998 coifl'arum
2165 1944 2225 1992 ad
2265 1963 2404 2010 oper-

390 2033 593 2081 randum
617 2033 695 2081 seu
718 2032 1061 2082 inueniendum
1083 2032 1261 2081 ibidem
1289 2031 1480 2081 calicem
1512 2042 1560 2081 et
1588 2042 1865 2081 ornamenta
1888 2032 2050 2081 diuino
2074 2032 2222 2082 cultui
2246 2036 2403 2082 neces-

390 2121 507 2170 saria
530 2148 540 2158 ·
566 2120 671 2170 volo
699 2130 747 2170 et
776 2121 983 2170 concedo
1007 2120 1136 2186 quod
1166 2122 1199 2168 fi
1231 2120 1402 2170 dictam
1436 2131 1610 2170 terram
1640 2138 1726 2187 per
1755 2120 1961 2187 aliquem
1989 2122 2144 2170 casum
2166 2123 2244 2170 seu
2266 2139 2401 2172 occa-

390 2211 563 2258 fionem
599 2210 659 2258 de
691 2209 910 2275 predictis
945 2210 1114 2258 abbate
1146 2219 1193 2258 et
1225 2219 1464 2258 conuentu
1495 2209 1625 2274 quod
1655 2210 1769 2258 abfit
1800 2209 2070 2275 inposterim
2101 2210 2255 2259 euinci
2286 2229 2401 2260 con-

390 2298 550 2365 tigerit
586 2298 839 2364 sepedictos
877 2299 1098 2347 abbatem
1138 2307 1186 2346 et
1217 2307 1508 2347 conuentum
1539 2315 1567 2346 a
1597 2298 1804 2364 predicte
1837 2315 1995 2347 marce
2026 2299 2306 2364 prestatione
2340 2318 2401 2348 ex

387 2398 503 2437 tunc
535 2387 635 2450 fore
668 2386 900 2436 absolutos
932 2397 981 2436 et
1011 2405 1088 2458 me
1120 2397 1168 2436 et
1201 2387 1400 2437 heredes
1436 2404 1566 2436 meos
1602 2387 1680 2436 seu
1712 2387 1957 2453 aflignatos
1993 2388 2054 2436 ad
2091 2406 2207 2454 quos
2244 2399 2398 2439 cetere

387 2487 510 2525 terre
546 2493 650 2524 mee
689 2493 971 2541 quocunque
1007 2475 1147 2525 titulo
1187 2476 1483 2525 tranfiuerint
1523 2475 1586 2525 ad
1623 2475 1832 2542 predicte
1873 2493 2029 2525 marce
2068 2477 2397 2543 prestationem

387 2583 595 2614 annuam
624 2564 834 2631 predi&o
856 2563 1099 2631 capellano
1130 2564 1190 2613 de
1213 2564 1320 2630 ipsis
1351 2564 1488 2613 terris
1517 2564 1782 2613 faciendam
1805 2565 2074 2630 supradictis
2104 2566 2315 2613 terminis
2348 2567 2395 2613 in

386 2665 671 2721 perpetuum
706 2654 858 2703 teneri
893 2664 941 2703 et
979 2654 1040 2702 ad
1077 2654 1167 2703 hoc
1206 2671 1292 2719 per
1328 2654 1569 2702 censuram
1606 2653 1953 2702 ecclesiasticam
1985 2655 2017 2701 fi
2050 2655 2223 2703 necefi'e
2256 2654 2394 2703 fuerit

386 2743 603 2810 compelli
625 2753 674 2793 et
695 2743 943 2810 perstringi
967 2771 979 2783 ·
1005 2743 1272 2792 Reddendo
1301 2742 1646 2792 nichillominus
1670 2744 1899 2810 sepedit‘sto
1931 2744 2063 2793 Luce
2134 2773 2144 2783 ·
2216 2773 2225 2783 ·
2299 2774 2308 2783 ·
2381 2773 2390 2783 ·

385 2841 434 2880 et
456 2831 546 2880 suis
568 2831 820 2881 heredibus
846 2831 919 2880 vel
936 2831 1169 2898 affignatis
1193 2832 1365 2881 dictam
1378 2840 1554 2880 terram
1575 2831 1637 2880 ad
1652 2831 1977 2880 feodofirmam
1998 2831 2113 2879 mihi
2136 2842 2183 2881 et
2205 2832 2390 2881 heredi-
2404 2844 2425 2867 *

384 2922 473 2970 bus
495 2921 612 2970 meis
642 2922 721 2970 seu
751 2921 987 2986 assignatis
1018 2921 1066 2969 in
1097 2930 1383 2987 perpetuum
1408 2949 1418 2960 ·
1443 2921 1705 2971 concedent
1729 2938 1815 2988 pro
1839 2921 1967 2970 omni
1989 2920 2177 2970 seculari
2199 2921 2387 2969 seruicio

385 3011 627 3059 exactione
646 3011 980 3060 consuetudine
997 3020 1046 3060 et
1064 3011 1300 3060 demanda
1315 3011 1725 3061 warrantizatione
1747 3012 2035 3078 protectione
2052 3020 2099 3060 et
2116 3010 2385 3061 defencione

384 3099 634 3149 duodecim
656 3099 872 3149 denarios
895 3100 956 3149 ad
979 3100 1097 3149 duos
1120 3100 1232 3149 anni
1257 3100 1480 3149 terminos
1498 3100 1667 3149 scilicet
1683 3100 1761 3149 sex
1778 3100 1991 3148 denarios
2015 3099 2076 3147 ad
2098 3099 2384 3164 penticosten
