2756 3926
409 393 472 440 68
1170 386 1651 437 REGISTRUM

408 544 469 592 ad
503 544 758 608 prediaam
795 542 1028 591 ecclesiam
1065 541 1414 607 pertinentibus
1445 540 1494 588 in
1528 557 1697 606 puram
1733 549 1780 588 et
1810 549 2086 604 perpetuam
2123 539 2413 589 elemosinam

408 634 469 682 ad
492 633 757 681 habendam
787 630 1039 679 tenendam
1074 638 1121 677 et
1154 629 1472 693 possidendam
1508 629 1567 676 de
1595 645 1672 677 me
1706 637 1754 676 et
1786 627 2039 676 heredibus
2071 628 2190 675 meis
2224 628 2272 674 in
2306 646 2415 693 per-

408 730 606 786 petuum
640 719 706 767 ita
737 717 882 765 libere
913 717 1072 781 quiete
1105 716 1315 782 plenarie
1346 725 1394 764 et
1421 715 1679 764 honorifice
1707 717 1822 764 ficut
1845 714 1988 779 aliqui
2011 714 2209 780 religiofi
2233 715 2281 762 in
2303 715 2415 764 ’toto

408 826 553 873 regno
580 806 737 855 Scotie
761 805 964 870 aliquam
990 804 1227 853 ecclesiam
1250 804 1444 853 liberius
1469 804 1676 869 quietius
1699 803 1937 867 plenarius
1961 812 2008 851 et
2030 802 2416 853 honorificentius

408 898 583 946 habent
622 903 787 944 tenent
833 903 880 942 et
914 894 1144 960 poffident
1192 922 1202 932 ·
1252 894 1364 959 Hijs
1401 893 1594 941 testibus
1632 892 1813 947 COalifio
1847 893 1990 941 fratre
2027 910 2130 941 meo
2167 919 2178 931 ·
2215 892 2416 947 matilde

409 984 629 1034 comitiffa
655 1011 665 1022 ·
701 981 940 1031 Willelmo
963 982 1152 1031 fferteth
1176 982 1389 1030 Roberto
1413 981 1523 1047 filijs
1543 981 1660 1029 meis
1697 1009 1708 1019 ·
1742 980 1979 1030 Gillenem
2013 981 2223 1045 dapifero
2242 999 2346 1029 meo
2370 991 2418 1030 et

409 1072 592 1128 COalifio
615 1071 710 1119 filio
735 1072 836 1136 ejus
862 1097 873 1110 ·
912 1070 1132 1120 Gilberto
1157 1071 1303 1125 milite
1329 1098 1339 1108 ·
1377 1070 1621 1118 Abbraam
1646 1069 1885 1134 capellano
1913 1098 1922 1107 ·
1949 1069 2108 1118 Bricio
2139 1070 2336 1134 persona
2359 1071 2417 1118 de

411 1161 548 1211 Crefe
573 1188 584 1199 ·
612 1159 924 1209 Constantino
943 1159 1106 1224 judice
1133 1189 1143 1198 ·
1171 1158 1389 1208 Anechol
1413 1159 1576 1208 theino
1599 1176 1707 1207 meo
1733 1168 1780 1207 et
1805 1158 1964 1212 coultis
1988 1158 2093 1224 alijs
2120 1186 2130 1198 ·

416 1402 743 1468 Confirmatio
767 1420 903 1485 super
926 1420 1115 1469 ecclesia
1138 1422 1196 1471 de
1221 1421 1515 1487 COad'dirdyn
1539 1438 1623 1486 per
1646 1421 1678 1468 J
1703 1448 1714 1460 ·
1742 1421 2008 1486 episcopum
2033 1422 2288 1470 secundum
2318 1451 2328 1460 ·

325 1603 386 1653 70
412 1581 459 1646 J
463 1598 672 1647 ohannes
697 1598 773 1646 dei
796 1599 949 1664 gratia
972 1599 1157 1648 ecclcfie
1186 1600 1539 1649 Dunkeldenfis
1566 1603 1805 1667 episcopus
1832 1602 2054 1650 vniuerfis
2077 1604 2227 1651 sandte
2259 1602 2419 1655 matris

410 1670 594 1736 ecclesie
625 1687 734 1752 filijs
769 1697 982 1736 eternam
1014 1688 1062 1735 in
1099 1689 1293 1737 domino
1324 1688 1519 1737 salutem
1558 1718 1567 1728 ·
1607 1690 1769 1739 Sciant
1799 1691 2032 1754 presentes
2067 1700 2114 1739 et
2147 1690 2294 1738 futuri
2327 1708 2412 1738 nos

410 1776 662 1824 concefflffe
693 1784 740 1823 et
770 1775 858 1823 hac
890 1785 1021 1824 carta
1044 1778 1199 1825 nostra
1223 1778 1508 1826 confirmasse
1537 1778 1586 1826 in
1610 1780 1981 1844 redemptionem
2010 1780 2163 1828 anime
2187 1782 2337 1829 nostre
2365 1789 2412 1828 et

409 1864 712 1911 successorum
748 1865 1011 1913 nostrorum
1037 1865 1146 1914 Deo
1169 1873 1219 1914 et
1242 1867 1391 1914 sancte
1427 1867 1585 1920 COarie
1617 1876 1664 1915 et
1698 1868 1850 1916 farisio
1886 1868 2093 1917 Johanni
2116 1869 2320 1933 apostolo
2352 1870 2411 1918 de

413 1951 570 2000 Insula
604 1953 847 2006 missarum
873 1962 921 2001 et
956 1980 967 1990 -
1000 1953 1032 2000 J
1070 1981 1080 1990 ·
1111 1953 1259 2017 priori
1288 1963 1336 2001 et
1369 1954 1590 2002 omnibus
1619 1954 1668 2001 in
1700 1955 1864 2003 cadem
1897 1955 2051 2004 Insula
2078 1956 2161 2004 sub
2189 1956 2412 2022 religione

411 2040 518 2088 Deo
535 2041 845 2089 seruientibus
864 2050 912 2089 et
934 2041 1174 2089 seruituris
1198 2041 1430 2090 ecclesiam
1457 2043 1515 2090 de
1539 2043 1876 2110 COaddyrdyne
1900 2062 2007 2092 cum
2033 2045 2250 2093 omnibus
2276 2046 2412 2110 justis

411 2129 706 2194 pertinentijs
729 2129 819 2177 suis
842 2129 891 2176 in
910 2129 1102 2178 liberam
1121 2138 1170 2179 et
1189 2140 1465 2195 perpetuam
1484 2130 1776 2180 elemosinam
1800 2161 1810 2171 ·
1830 2133 2105 2182 Tenendam
2125 2134 2190 2183 ita
2205 2134 2349 2183 libere
2366 2144 2413 2183 et

412 2217 567 2282 quiete
589 2217 796 2281 plenarie
819 2227 866 2266 et
889 2218 1143 2267 honorifice
1166 2220 1282 2267 ficut
1305 2219 1461 2284 aliqua
1483 2219 1670 2269 ecclesia
1692 2221 1742 2269 in
1768 2222 1922 2271 nostro
1940 2222 2204 2287 episcopatu
2222 2222 2412 2272 liberius

412 2305 621 2369 quiecius
658 2304 845 2368 plenius
881 2316 928 2353 et
962 2306 1350 2356 honorificentius
1381 2307 1597 2374 Religiose
1638 2309 1799 2357 domui
1834 2311 2108 2359 conceditur
2139 2321 2186 2360 et
2216 2312 2413 2375 poffide-

411 2405 489 2442 tur
517 2403 565 2442 et
587 2395 702 2442 ficut
726 2404 854 2443 carta
884 2396 1084 2460 episcopi
1120 2395 1353 2444 Johannis
1388 2398 1716 2461 predecessoris
1751 2400 1893 2448 nostri
1928 2401 2122 2449 testatur
2154 2401 2274 2449 salvo
2302 2403 2412 2465 jure

411 2481 655 2545 episcopali
685 2510 695 2519 ·
735 2481 846 2547 Hijs
882 2483 1073 2531 testibus
1102 2484 1328 2550 magistro
1354 2485 1565 2534 Henrico
1587 2487 1914 2536 archidiacono
1936 2489 2092 2537 nostro
2128 2517 2138 2526 ·
2174 2488 2412 2536 Duncano

411 2570 590 2618 decano
609 2568 803 2617 Atholie
818 2595 828 2605 ·
848 2569 1066 2635 Eugenio
1082 2570 1249 2620 clerico
1271 2599 1281 2609 ·
1301 2572 1349 2621 G
1368 2601 1377 2611 ·
1394 2582 1441 2622 et
1461 2573 1697 2623 Willelmo
1715 2575 1966 2641 capellanis
1983 2576 2147 2625 nostris
2168 2605 2178 2615 ·
2198 2577 2412 2642 magistro

414 2658 623 2705 Roberto
654 2656 821 2705 clerico
855 2658 1009 2706 nostro
1045 2686 1056 2696 ·
1093 2659 1331 2709 Willelmo
1354 2661 1596 2711 senescallo
1619 2664 1774 2713 nostro
1809 2691 1821 2703 ·
1858 2664 2094 2719 michaele
2126 2666 2319 2729 persona
2353 2666 2412 2714 de

413 2745 633 2795 Methfen
655 2754 704 2794 et
726 2745 883 2800 coultis
905 2746 1006 2812 alijs
1033 2776 1043 2785 ·
