<?xml version="1.0" encoding="UTF-8"?>
<!DOCTYPE html PUBLIC "-//W3C//DTD XHTML 1.0 Transitional//EN"
    "http://www.w3.org/TR/xhtml1/DTD/xhtml1-transitional.dtd">
<html xmlns="http://www.w3.org/1999/xhtml" xml:lang="en" lang="en">
 <head>
  <title>
</title>
<meta http-equiv="Content-Type" content="text/html;charset=utf-8" />
  <meta name='ocr-system' content='tesseract 3.04.00' />
  <meta name='ocr-capabilities' content='ocr_page ocr_carea ocr_par ocr_line ocrx_word'/>
</head>
<body>
  <div class='ocr_page' id='page_1' title='image "./liberinsulemissa85inchuoft_0118.png"; bbox 0 0 2808 3926; ppageno 0'>
   <div class='ocr_carea' id='block_1_1' title="bbox 487 377 1729 430">
    <p class='ocr_par' dir='ltr' id='par_1_1' title="bbox 487 377 1729 430">
     <span class='ocr_line' id='line_1_1' title="bbox 487 377 1729 430; baseline -0.002 -1"><span class='ocrx_word' id='word_1_1' title='bbox 487 383 550 430; x_wconf 79' lang='lat'>38</span> <span class='ocrx_word' id='word_1_2' title='bbox 1249 377 1729 428; x_wconf 78' lang='lat' dir='ltr'>REGISTRUM</span> 
     </span>
    </p>
   </div>
   <div class='ocr_carea' id='block_1_2' title="bbox 493 530 2519 1743">
    <p class='ocr_par' dir='ltr' id='par_1_2' title="bbox 493 530 2519 1743">
     <span class='ocr_line' id='line_1_2' title="bbox 493 530 2501 597; baseline -0.002 -15"><span class='ocrx_word' id='word_1_3' title='bbox 493 552 654 583; x_wconf 88' lang='lat' dir='ltr'>omnes</span> <span class='ocrx_word' id='word_1_4' title='bbox 689 544 835 582; x_wconf 89' lang='lat' dir='ltr'>terras</span> <span class='ocrx_word' id='word_1_5' title='bbox 870 534 1037 581; x_wconf 89' lang='lat' dir='ltr'>domus</span> <span class='ocrx_word' id='word_1_6' title='bbox 1069 541 1116 580; x_wconf 90' lang='lat' dir='ltr'>et</span> <span class='ocrx_word' id='word_1_7' title='bbox 1146 532 1433 597; x_wconf 80' lang='lat' dir='ltr'>pofi&#39;effiones</span> <span class='ocrx_word' id='word_1_8' title='bbox 1462 548 1577 595; x_wconf 87' lang='lat' dir='ltr'>quas</span> <span class='ocrx_word' id='word_1_9' title='bbox 1601 530 1866 579; x_wconf 88' lang='lat' dir='ltr'>Willelmus</span> <span class='ocrx_word' id='word_1_10' title='bbox 1900 531 2024 578; x_wconf 84' lang='lat' dir='ltr'>filius</span> <span class='ocrx_word' id='word_1_11' title='bbox 2048 530 2285 597; x_wconf 85' lang='lat' dir='ltr'>Rayngod</span> <span class='ocrx_word' id='word_1_12' title='bbox 2314 531 2363 578; x_wconf 91' lang='lat' dir='ltr'>in</span> <span class='ocrx_word' id='word_1_13' title='bbox 2393 530 2501 578; x_wconf 88' lang='lat' dir='ltr'>villa</span> 
     </span>
     <span class='ocr_line' id='line_1_3' title="bbox 494 617 2502 683; baseline -0.002 -14"><span class='ocrx_word' id='word_1_14' title='bbox 494 622 554 670; x_wconf 92' lang='lat' dir='ltr'>de</span> <span class='ocrx_word' id='word_1_15' title='bbox 588 620 948 669; x_wconf 90' lang='lat' dir='ltr'>Abbirbrothok</span> <span class='ocrx_word' id='word_1_16' title='bbox 981 619 1040 667; x_wconf 92' lang='lat' dir='ltr'>de</span> <span class='ocrx_word' id='word_1_17' title='bbox 1073 618 1207 666; x_wconf 88' lang='lat' dir='ltr'>nobis</span> <span class='ocrx_word' id='word_1_18' title='bbox 1241 618 1395 666; x_wconf 84' lang='lat' dir='ltr'>tenuit</span> <span class='ocrx_word' id='word_1_19' title='bbox 1431 629 1479 666; x_wconf 86' lang='lat' dir='ltr'>et</span> <span class='ocrx_word' id='word_1_20' title='bbox 1515 618 1712 683; x_wconf 83' lang='lat' dir='ltr'>poffedit</span> <span class='ocrx_word' id='word_1_21' title='bbox 1744 644 1755 656; x_wconf 92' lang='lat'><strong>·</strong></span> <span class='ocrx_word' id='word_1_22' title='bbox 1805 617 1938 674; x_wconf 83' lang='lat' dir='ltr'>Quas</span> <span class='ocrx_word' id='word_1_23' title='bbox 1972 617 2165 682; x_wconf 91' lang='lat' dir='ltr'>quidem</span> <span class='ocrx_word' id='word_1_24' title='bbox 2199 628 2345 665; x_wconf 82' lang='lat' dir='ltr'>terras</span> <span class='ocrx_word' id='word_1_25' title='bbox 2375 618 2502 665; x_wconf 90' lang='lat' dir='ltr'>idem</span> 
     </span>
     <span class='ocr_line' id='line_1_4' title="bbox 497 703 2504 772; baseline -0.001 -18"><span class='ocrx_word' id='word_1_26' title='bbox 497 707 760 756; x_wconf 86' lang='lat' dir='ltr'>Willelmus</span> <span class='ocrx_word' id='word_1_27' title='bbox 794 724 880 772; x_wconf 89' lang='lat' dir='ltr'>pro</span> <span class='ocrx_word' id='word_1_28' title='bbox 913 706 957 754; x_wconf 85' lang='lat' dir='ltr'>se</span> <span class='ocrx_word' id='word_1_29' title='bbox 992 714 1039 754; x_wconf 88' lang='lat' dir='ltr'>et</span> <span class='ocrx_word' id='word_1_30' title='bbox 1072 704 1325 753; x_wconf 83' lang='lat' dir='ltr'>heredibus</span> <span class='ocrx_word' id='word_1_31' title='bbox 1358 704 1449 752; x_wconf 89' lang='lat' dir='ltr'>suis</span> <span class='ocrx_word' id='word_1_32' title='bbox 1480 704 1614 753; x_wconf 89' lang='lat' dir='ltr'>nobis</span> <span class='ocrx_word' id='word_1_33' title='bbox 1645 704 1695 751; x_wconf 92' lang='lat' dir='ltr'>in</span> <span class='ocrx_word' id='word_1_34' title='bbox 1725 703 1867 770; x_wconf 89' lang='lat' dir='ltr'>plena</span> <span class='ocrx_word' id='word_1_35' title='bbox 1894 704 2022 753; x_wconf 87' lang='lat' dir='ltr'>curia</span> <span class='ocrx_word' id='word_1_36' title='bbox 2056 705 2115 753; x_wconf 92' lang='lat' dir='ltr'>de</span> <span class='ocrx_word' id='word_1_37' title='bbox 2154 704 2504 752; x_wconf 89' lang='lat' dir='ltr'>Abbirbrothoc</span> 
     </span>
     <span class='ocr_line' id='line_1_5' title="bbox 497 793 2505 859; baseline -0.002 -15"><span class='ocrx_word' id='word_1_38' title='bbox 497 795 702 845; x_wconf 83' lang='lat' dir='ltr'>reddidit</span> <span class='ocrx_word' id='word_1_39' title='bbox 726 804 773 843; x_wconf 89' lang='lat' dir='ltr'>et</span> <span class='ocrx_word' id='word_1_40' title='bbox 796 795 951 859; x_wconf 90' lang='lat' dir='ltr'>quiete</span> <span class='ocrx_word' id='word_1_41' title='bbox 974 793 1194 842; x_wconf 85' lang='lat' dir='ltr'>clamauit</span> <span class='ocrx_word' id='word_1_42' title='bbox 1217 810 1402 842; x_wconf 88' lang='lat' dir='ltr'>necnon</span> <span class='ocrx_word' id='word_1_43' title='bbox 1426 802 1473 841; x_wconf 81' lang='lat' dir='ltr'>et</span> <span class='ocrx_word' id='word_1_44' title='bbox 1496 802 1649 842; x_wconf 85' lang='lat' dir='ltr'>totum</span> <span class='ocrx_word' id='word_1_45' title='bbox 1671 794 1753 859; x_wconf 86' lang='lat' dir='ltr'>jus</span> <span class='ocrx_word' id='word_1_46' title='bbox 1777 794 1904 858; x_wconf 92' lang='lat' dir='ltr'>quod</span> <span class='ocrx_word' id='word_1_47' title='bbox 1926 794 2019 859; x_wconf 89' lang='lat' dir='ltr'>ipse</span> <span class='ocrx_word' id='word_1_48' title='bbox 2041 794 2116 842; x_wconf 89' lang='lat' dir='ltr'>vel</span> <span class='ocrx_word' id='word_1_49' title='bbox 2149 793 2344 842; x_wconf 88' lang='lat' dir='ltr'>heredes</span> <span class='ocrx_word' id='word_1_50' title='bbox 2366 793 2433 840; x_wconf 89' lang='lat' dir='ltr'>sui</span> <span class='ocrx_word' id='word_1_51' title='bbox 2456 793 2505 839; x_wconf 92' lang='lat' dir='ltr'>in</span> 
     </span>
     <span class='ocr_line' id='line_1_6' title="bbox 500 880 2508 946; baseline -0.002 -14"><span class='ocrx_word' id='word_1_52' title='bbox 500 883 631 932; x_wconf 70' lang='lat' dir='ltr'>dictis</span> <span class='ocrx_word' id='word_1_53' title='bbox 654 882 790 931; x_wconf 87' lang='lat' dir='ltr'>terris</span> <span class='ocrx_word' id='word_1_54' title='bbox 813 881 1080 929; x_wconf 86' lang='lat' dir='ltr'>habuerunt</span> <span class='ocrx_word' id='word_1_55' title='bbox 1096 880 1171 929; x_wconf 84' lang='lat' dir='ltr'>vel</span> <span class='ocrx_word' id='word_1_56' title='bbox 1187 880 1358 929; x_wconf 87' lang='lat' dir='ltr'>habere</span> <span class='ocrx_word' id='word_1_57' title='bbox 1377 881 1584 946; x_wconf 85' lang='lat' dir='ltr'>poterint</span> <span class='ocrx_word' id='word_1_58' title='bbox 1608 882 1861 930; x_wconf 84' lang='lat' dir='ltr'>Tenendas</span> <span class='ocrx_word' id='word_1_59' title='bbox 1880 891 1927 930; x_wconf 88' lang='lat' dir='ltr'>et</span> <span class='ocrx_word' id='word_1_60' title='bbox 1943 882 2182 930; x_wconf 86' lang='lat' dir='ltr'>habendas</span> <span class='ocrx_word' id='word_1_61' title='bbox 2201 881 2332 930; x_wconf 67' lang='lat' dir='ltr'>dictis</span> <span class='ocrx_word' id='word_1_62' title='bbox 2350 881 2508 929; x_wconf 86' lang='lat' dir='ltr'>abbati</span> 
     </span>
     <span class='ocr_line' id='line_1_7' title="bbox 501 968 2509 1036; baseline -0.001 -17"><span class='ocrx_word' id='word_1_63' title='bbox 501 980 548 1019; x_wconf 86' lang='lat' dir='ltr'>et</span> <span class='ocrx_word' id='word_1_64' title='bbox 573 969 827 1018; x_wconf 86' lang='lat' dir='ltr'>conuentui</span> <span class='ocrx_word' id='word_1_65' title='bbox 850 969 898 1017; x_wconf 90' lang='lat' dir='ltr'>in</span> <span class='ocrx_word' id='word_1_66' title='bbox 920 968 1120 1018; x_wconf 92' lang='lat' dir='ltr'>liberum</span> <span class='ocrx_word' id='word_1_67' title='bbox 1143 970 1426 1035; x_wconf 85' lang='lat' dir='ltr'>burgagium</span> <span class='ocrx_word' id='word_1_68' title='bbox 1449 987 1559 1018; x_wconf 90' lang='lat' dir='ltr'>cum</span> <span class='ocrx_word' id='word_1_69' title='bbox 1582 971 1801 1018; x_wconf 85' lang='lat' dir='ltr'>omnibus</span> <span class='ocrx_word' id='word_1_70' title='bbox 1827 970 2122 1019; x_wconf 83' lang='lat' dir='ltr'>libertatibus</span> <span class='ocrx_word' id='word_1_71' title='bbox 2146 979 2193 1018; x_wconf 90' lang='lat' dir='ltr'>et</span> <span class='ocrx_word' id='word_1_72' title='bbox 2216 969 2509 1036; x_wconf 80' lang='lat' dir='ltr'>ayfiamentis</span> 
     </span>
     <span class='ocr_line' id='line_1_8' title="bbox 502 1057 2511 1124; baseline -0.001 -18"><span class='ocrx_word' id='word_1_73' title='bbox 502 1057 855 1106; x_wconf 67' lang='lat' dir='ltr'>rectitudinibus</span> <span class='ocrx_word' id='word_1_74' title='bbox 873 1058 934 1105; x_wconf 92' lang='lat' dir='ltr'>ad</span> <span class='ocrx_word' id='word_1_75' title='bbox 952 1058 1129 1106; x_wconf 61' lang='lat' dir='ltr'>dhstum</span> <span class='ocrx_word' id='word_1_76' title='bbox 1146 1058 1431 1124; x_wconf 83' lang='lat' dir='ltr'>burgagium</span> <span class='ocrx_word' id='word_1_77' title='bbox 1448 1057 1569 1106; x_wconf 87' lang='lat' dir='ltr'>infra</span> <span class='ocrx_word' id='word_1_78' title='bbox 1581 1057 1737 1105; x_wconf 81' lang='lat' dir='ltr'>villam</span> <span class='ocrx_word' id='word_1_79' title='bbox 1753 1066 1801 1106; x_wconf 90' lang='lat' dir='ltr'>et</span> <span class='ocrx_word' id='word_1_80' title='bbox 1815 1068 1949 1106; x_wconf 83' lang='lat' dir='ltr'>extra</span> <span class='ocrx_word' id='word_1_81' title='bbox 1961 1057 2115 1106; x_wconf 88' lang='lat' dir='ltr'>villam</span> <span class='ocrx_word' id='word_1_82' title='bbox 2133 1059 2255 1122; x_wconf 86' lang='lat' dir='ltr'>juste</span> <span class='ocrx_word' id='word_1_83' title='bbox 2270 1058 2511 1123; x_wconf 91' lang='lat' dir='ltr'>pertinen-</span> 
     </span>
     <span class='ocr_line' id='line_1_9' title="bbox 505 1145 2511 1214; baseline -0.001 -19"><span class='ocrx_word' id='word_1_84' title='bbox 505 1147 630 1195; x_wconf 89' lang='lat' dir='ltr'>tibus</span> <span class='ocrx_word' id='word_1_85' title='bbox 653 1147 770 1194; x_wconf 84' lang='lat' dir='ltr'>adeo</span> <span class='ocrx_word' id='word_1_86' title='bbox 793 1145 935 1195; x_wconf 92' lang='lat' dir='ltr'>libere</span> <span class='ocrx_word' id='word_1_87' title='bbox 960 1147 1116 1211; x_wconf 89' lang='lat' dir='ltr'>quiete</span> <span class='ocrx_word' id='word_1_88' title='bbox 1147 1156 1195 1196; x_wconf 91' lang='lat' dir='ltr'>et</span> <span class='ocrx_word' id='word_1_89' title='bbox 1225 1146 1432 1214; x_wconf 83' lang='lat' dir='ltr'>plenarie</span> <span class='ocrx_word' id='word_1_90' title='bbox 1459 1149 1575 1196; x_wconf 91' lang='lat' dir='ltr'>ficut</span> <span class='ocrx_word' id='word_1_91' title='bbox 1603 1148 1752 1196; x_wconf 65' lang='lat' dir='ltr'>dictus</span> <span class='ocrx_word' id='word_1_92' title='bbox 1776 1147 2038 1196; x_wconf 90' lang='lat' dir='ltr'>Willelmus</span> <span class='ocrx_word' id='word_1_93' title='bbox 2071 1147 2145 1196; x_wconf 89' lang='lat' dir='ltr'>vel</span> <span class='ocrx_word' id='word_1_94' title='bbox 2175 1147 2511 1213; x_wconf 82' lang='lat' dir='ltr'>predecefi&#39;ores</span> 
     </span>
     <span class='ocr_line' id='line_1_10' title="bbox 506 1234 2514 1301; baseline 0 -20"><span class='ocrx_word' id='word_1_95' title='bbox 506 1234 574 1281; x_wconf 90' lang='lat' dir='ltr'>sui</span> <span class='ocrx_word' id='word_1_96' title='bbox 602 1234 744 1282; x_wconf 60' lang='lat' dir='ltr'>dictas</span> <span class='ocrx_word' id='word_1_97' title='bbox 779 1243 927 1282; x_wconf 88' lang='lat' dir='ltr'>terras</span> <span class='ocrx_word' id='word_1_98' title='bbox 963 1235 1023 1283; x_wconf 88' lang='lat' dir='ltr'>de</span> <span class='ocrx_word' id='word_1_99' title='bbox 1054 1235 1188 1283; x_wconf 88' lang='lat' dir='ltr'>nobis</span> <span class='ocrx_word' id='word_1_100' title='bbox 1218 1244 1475 1286; x_wconf 87' lang='lat' dir='ltr'>tenuerunt</span> <span class='ocrx_word' id='word_1_101' title='bbox 1508 1235 1583 1284; x_wconf 91' lang='lat' dir='ltr'>vel</span> <span class='ocrx_word' id='word_1_102' title='bbox 1610 1235 1908 1301; x_wconf 77' lang='lat' dir='ltr'>possederunt</span> <span class='ocrx_word' id='word_1_103' title='bbox 1957 1264 1967 1274; x_wconf 92' lang='lat'><strong>·</strong></span> <span class='ocrx_word' id='word_1_104' title='bbox 2018 1235 2162 1283; x_wconf 82' lang='lat' dir='ltr'>Saluo</span> <span class='ocrx_word' id='word_1_105' title='bbox 2193 1244 2353 1283; x_wconf 90' lang='lat' dir='ltr'>tamen</span> <span class='ocrx_word' id='word_1_106' title='bbox 2388 1234 2514 1299; x_wconf 89' lang='lat' dir='ltr'>quod</span> 
     </span>
     <span class='ocr_line' id='line_1_11' title="bbox 509 1322 2513 1389; baseline -0.001 -18"><span class='ocrx_word' id='word_1_107' title='bbox 509 1323 653 1371; x_wconf 72' lang='lat' dir='ltr'>dictas</span> <span class='ocrx_word' id='word_1_108' title='bbox 685 1335 831 1371; x_wconf 89' lang='lat' dir='ltr'>terras</span> <span class='ocrx_word' id='word_1_109' title='bbox 861 1323 971 1371; x_wconf 86' lang='lat' dir='ltr'>viris</span> <span class='ocrx_word' id='word_1_110' title='bbox 1002 1322 1222 1388; x_wconf 88' lang='lat' dir='ltr'>religiofis</span> <span class='ocrx_word' id='word_1_111' title='bbox 1251 1323 1602 1389; x_wconf 86' lang='lat' dir='ltr'>quibuscunque</span> <span class='ocrx_word' id='word_1_112' title='bbox 1625 1323 1697 1372; x_wconf 86' lang='lat' dir='ltr'>vel</span> <span class='ocrx_word' id='word_1_113' title='bbox 1721 1323 1954 1389; x_wconf 83' lang='lat' dir='ltr'>aliquibus</span> <span class='ocrx_word' id='word_1_114' title='bbox 1985 1323 2084 1371; x_wconf 88' lang='lat' dir='ltr'>aliis</span> <span class='ocrx_word' id='word_1_115' title='bbox 2108 1322 2235 1370; x_wconf 92' lang='lat' dir='ltr'>nullo</span> <span class='ocrx_word' id='word_1_116' title='bbox 2264 1322 2401 1371; x_wconf 90' lang='lat' dir='ltr'>titulo</span> <span class='ocrx_word' id='word_1_117' title='bbox 2432 1322 2513 1369; x_wconf 85' lang='lat' dir='ltr'>nifi</span> 
     </span>
     <span class='ocr_line' id='line_1_12' title="bbox 511 1410 2515 1477; baseline -0.001 -18"><span class='ocrx_word' id='word_1_118' title='bbox 511 1412 570 1459; x_wconf 89' lang='lat' dir='ltr'>de</span> <span class='ocrx_word' id='word_1_119' title='bbox 593 1410 777 1476; x_wconf 85' lang='lat' dir='ltr'>speciali</span> <span class='ocrx_word' id='word_1_120' title='bbox 802 1411 955 1459; x_wconf 85' lang='lat' dir='ltr'>nostra</span> <span class='ocrx_word' id='word_1_121' title='bbox 977 1410 1168 1459; x_wconf 88' lang='lat' dir='ltr'>licentia</span> <span class='ocrx_word' id='word_1_122' title='bbox 1189 1411 1398 1460; x_wconf 88' lang='lat' dir='ltr'>vendent</span> <span class='ocrx_word' id='word_1_123' title='bbox 1421 1411 1494 1459; x_wconf 90' lang='lat' dir='ltr'>vel</span> <span class='ocrx_word' id='word_1_124' title='bbox 1517 1411 1788 1460; x_wconf 87' lang='lat' dir='ltr'>alienabunt</span> <span class='ocrx_word' id='word_1_125' title='bbox 1825 1440 1836 1450; x_wconf 91' lang='lat'><strong>·</strong></span> <span class='ocrx_word' id='word_1_126' title='bbox 1874 1412 1934 1460; x_wconf 93' lang='lat' dir='ltr'>In</span> <span class='ocrx_word' id='word_1_127' title='bbox 1958 1412 2092 1477; x_wconf 87' lang='lat' dir='ltr'>cujus</span> <span class='ocrx_word' id='word_1_128' title='bbox 2115 1411 2182 1459; x_wconf 90' lang='lat' dir='ltr'>rei</span> <span class='ocrx_word' id='word_1_129' title='bbox 2202 1410 2515 1458; x_wconf 87' lang='lat' dir='ltr'>testimonium</span> 
     </span>
     <span class='ocr_line' id='line_1_13' title="bbox 512 1498 2517 1566; baseline -0.001 -18"><span class='ocrx_word' id='word_1_130' title='bbox 512 1501 622 1553; x_wconf 89' lang='lat' dir='ltr'>huic</span> <span class='ocrx_word' id='word_1_131' title='bbox 644 1500 812 1565; x_wconf 89' lang='lat' dir='ltr'>scripto</span> <span class='ocrx_word' id='word_1_132' title='bbox 835 1499 1033 1565; x_wconf 84' lang='lat' dir='ltr'>sigillum</span> <span class='ocrx_word' id='word_1_133' title='bbox 1056 1500 1267 1548; x_wconf 87' lang='lat' dir='ltr'>nostrum</span> <span class='ocrx_word' id='word_1_134' title='bbox 1292 1518 1542 1549; x_wconf 89' lang='lat' dir='ltr'>commune</span> <span class='ocrx_word' id='word_1_135' title='bbox 1566 1500 1866 1566; x_wconf 90' lang='lat' dir='ltr'>apposuimus</span> <span class='ocrx_word' id='word_1_136' title='bbox 1891 1509 1938 1549; x_wconf 91' lang='lat' dir='ltr'>et</span> <span class='ocrx_word' id='word_1_137' title='bbox 1962 1501 2023 1548; x_wconf 86' lang='lat' dir='ltr'>ad</span> <span class='ocrx_word' id='word_1_138' title='bbox 2045 1501 2271 1566; x_wconf 85' lang='lat' dir='ltr'>majorem</span> <span class='ocrx_word' id='word_1_139' title='bbox 2296 1498 2517 1547; x_wconf 85' lang='lat' dir='ltr'>securita-</span> 
     </span>
     <span class='ocr_line' id='line_1_14' title="bbox 515 1587 2518 1655; baseline -0.002 -16"><span class='ocrx_word' id='word_1_140' title='bbox 515 1600 613 1639; x_wconf 88' lang='lat' dir='ltr'>tem</span> <span class='ocrx_word' id='word_1_141' title='bbox 641 1588 838 1655; x_wconf 88' lang='lat' dir='ltr'>figillum</span> <span class='ocrx_word' id='word_1_142' title='bbox 864 1588 971 1637; x_wconf 91' lang='lat' dir='ltr'>ville</span> <span class='ocrx_word' id='word_1_143' title='bbox 998 1589 1152 1637; x_wconf 89' lang='lat' dir='ltr'>nostre</span> <span class='ocrx_word' id='word_1_144' title='bbox 1181 1589 1239 1636; x_wconf 92' lang='lat' dir='ltr'>de</span> <span class='ocrx_word' id='word_1_145' title='bbox 1270 1588 1630 1638; x_wconf 87' lang='lat' dir='ltr'>Abbirbrothok</span> <span class='ocrx_word' id='word_1_146' title='bbox 1661 1589 1857 1637; x_wconf 83' lang='lat' dir='ltr'>fecimus</span> <span class='ocrx_word' id='word_1_147' title='bbox 1892 1589 2066 1655; x_wconf 87' lang='lat' dir='ltr'>apponi</span> <span class='ocrx_word' id='word_1_148' title='bbox 2096 1615 2107 1628; x_wconf 91' lang='lat'><strong>·</strong></span> <span class='ocrx_word' id='word_1_149' title='bbox 2146 1589 2285 1637; x_wconf 84' lang='lat' dir='ltr'>Teste</span> <span class='ocrx_word' id='word_1_150' title='bbox 2314 1587 2518 1654; x_wconf 87' lang='lat' dir='ltr'>capitulo</span> 
     </span>
     <span class='ocr_line' id='line_1_15' title="bbox 518 1677 2519 1743; baseline -0.001 -16"><span class='ocrx_word' id='word_1_151' title='bbox 518 1679 672 1728; x_wconf 85' lang='lat' dir='ltr'>nostro</span> <span class='ocrx_word' id='word_1_152' title='bbox 707 1706 716 1716; x_wconf 94' lang='lat'><strong>·</strong></span> <span class='ocrx_word' id='word_1_153' title='bbox 754 1677 939 1725; x_wconf 90' lang='lat' dir='ltr'>Datum</span> <span class='ocrx_word' id='word_1_154' title='bbox 970 1694 1095 1725; x_wconf 91' lang='lat' dir='ltr'>anno</span> <span class='ocrx_word' id='word_1_155' title='bbox 1126 1677 1306 1725; x_wconf 90' lang='lat' dir='ltr'>domini</span> <span class='ocrx_word' id='word_1_156' title='bbox 1338 1677 1577 1731; x_wconf 70' lang='lat' dir='ltr'>millesimo</span> <span class='ocrx_word' id='word_1_157' title='bbox 1606 1685 1709 1727; x_wconf 73' lang='lat' dir='ltr'>ccm⁰</span> <span class='ocrx_word' id='word_1_158' title='bbox 1733 1678 2112 1743; x_wconf 80' lang='lat' dir='ltr'>quinquagesimo</span> <span class='ocrx_word' id='word_1_159' title='bbox 2139 1677 2339 1726; x_wconf 90' lang='lat' dir='ltr'>secundo</span> <span class='ocrx_word' id='word_1_160' title='bbox 2378 1706 2387 1716; x_wconf 89' lang='lat'><strong>·</strong></span> <span class='ocrx_word' id='word_1_161' title='bbox 2423 1683 2471 1724; x_wconf 89' lang='lat' dir='ltr'>v⁰</span> <span class='ocrx_word' id='word_1_162' title='bbox 2507 1703 2519 1714; x_wconf 93' lang='lat'><strong>·</strong></span> 
     </span>
    </p>
   </div>
   <div class='ocr_carea' id='block_1_3' title="bbox 519 1765 1484 1832">
    <p class='ocr_par' dir='ltr' id='par_1_3' title="bbox 519 1765 1484 1832">
     <span class='ocr_line' id='line_1_16' title="bbox 519 1765 1484 1832; baseline -0.001 -17"><span class='ocrx_word' id='word_1_163' title='bbox 519 1767 624 1815; x_wconf 90' lang='lat' dir='ltr'>idus</span> <span class='ocrx_word' id='word_1_164' title='bbox 647 1765 935 1816; x_wconf 89' lang='lat' dir='ltr'>Nouembris</span> <span class='ocrx_word' id='word_1_165' title='bbox 958 1765 1087 1830; x_wconf 88' lang='lat' dir='ltr'>apud</span> <span class='ocrx_word' id='word_1_166' title='bbox 1111 1765 1449 1832; x_wconf 83' lang='lat' dir='ltr'>Abyrbrothok</span> <span class='ocrx_word' id='word_1_167' title='bbox 1474 1795 1484 1808; x_wconf 66' lang='grc' dir='ltr'><strong><em>ο</em></strong></span> 
     </span>
    </p>
   </div>
   <div class='ocr_carea' id='block_1_4' title="bbox 530 2016 1128 2082">
    <p class='ocr_par' dir='ltr' id='par_1_4' title="bbox 530 2016 1128 2082">
     <span class='ocr_line' id='line_1_17' title="bbox 530 2016 1128 2082; baseline -0.003 0"><span class='ocrx_word' id='word_1_168' title='bbox 530 2016 693 2082; x_wconf 81' lang='lat' dir='ltr'>Carta</span> <span class='ocrx_word' id='word_1_169' title='bbox 715 2042 838 2082; x_wconf 90' lang='lat' dir='ltr'>terre</span> <span class='ocrx_word' id='word_1_170' title='bbox 863 2034 922 2082; x_wconf 91' lang='lat' dir='ltr'>de</span> <span class='ocrx_word' id='word_1_171' title='bbox 946 2033 1093 2082; x_wconf 89' lang='lat' dir='ltr'>Perth</span> <span class='ocrx_word' id='word_1_172' title='bbox 1118 2062 1128 2074; x_wconf 85' lang='lat'><strong>·</strong></span> 
     </span>
    </p>
   </div>
   <div class='ocr_carea' id='block_1_5' title="bbox 439 2192 2540 3157">
    <p class='ocr_par' dir='ltr' id='par_1_5' title="bbox 439 2192 2540 3157">
     <span class='ocr_line' id='line_1_18' title="bbox 439 2192 2530 2274; baseline 0 -16"><span class='ocrx_word' id='word_1_173' title='bbox 439 2202 501 2249; x_wconf 78' lang='lat'>39</span> <span class='ocrx_word' id='word_1_174' title='bbox 530 2192 786 2258; x_wconf 83' lang='lat' dir='ltr'>Omnibus</span> <span class='ocrx_word' id='word_1_175' title='bbox 830 2209 921 2257; x_wconf 90' lang='lat' dir='ltr'>hoc</span> <span class='ocrx_word' id='word_1_176' title='bbox 956 2208 1179 2274; x_wconf 88' lang='lat' dir='ltr'>scriptum</span> <span class='ocrx_word' id='word_1_177' title='bbox 1213 2208 1375 2256; x_wconf 88' lang='lat' dir='ltr'>visuris</span> <span class='ocrx_word' id='word_1_178' title='bbox 1409 2211 1484 2257; x_wconf 88' lang='lat' dir='ltr'>vel</span> <span class='ocrx_word' id='word_1_179' title='bbox 1529 2209 1759 2257; x_wconf 89' lang='lat' dir='ltr'>audituris</span> <span class='ocrx_word' id='word_1_180' title='bbox 1798 2208 2059 2257; x_wconf 88' lang='lat' dir='ltr'>Willelmus</span> <span class='ocrx_word' id='word_1_181' title='bbox 2093 2208 2215 2257; x_wconf 89' lang='lat' dir='ltr'>filius</span> <span class='ocrx_word' id='word_1_182' title='bbox 2248 2209 2437 2258; x_wconf 82' lang='lat' dir='ltr'>Hawok</span> <span class='ocrx_word' id='word_1_183' title='bbox 2471 2210 2530 2259; x_wconf 89' lang='lat' dir='ltr'>de</span> 
     </span>
     <span class='ocr_line' id='line_1_19' title="bbox 529 2297 2533 2348; baseline 0 -2"><span class='ocrx_word' id='word_1_184' title='bbox 529 2298 676 2347; x_wconf 91' lang='lat' dir='ltr'>Perth</span> <span class='ocrx_word' id='word_1_185' title='bbox 710 2297 905 2345; x_wconf 89' lang='lat' dir='ltr'>salutem</span> <span class='ocrx_word' id='word_1_186' title='bbox 945 2307 1157 2346; x_wconf 87' lang='lat' dir='ltr'>eternam</span> <span class='ocrx_word' id='word_1_187' title='bbox 1193 2298 1243 2346; x_wconf 89' lang='lat' dir='ltr'>in</span> <span class='ocrx_word' id='word_1_188' title='bbox 1284 2298 1475 2346; x_wconf 89' lang='lat' dir='ltr'>domino</span> <span class='ocrx_word' id='word_1_189' title='bbox 1524 2326 1534 2336; x_wconf 89' lang='lat'><strong>·</strong></span> <span class='ocrx_word' id='word_1_190' title='bbox 1581 2297 1827 2346; x_wconf 87' lang='lat' dir='ltr'>Noueritis</span> <span class='ocrx_word' id='word_1_191' title='bbox 1863 2316 1939 2346; x_wconf 90' lang='lat' dir='ltr'>me</span> <span class='ocrx_word' id='word_1_192' title='bbox 1977 2297 2148 2346; x_wconf 81' lang='lat' dir='ltr'>dediffe</span> <span class='ocrx_word' id='word_1_193' title='bbox 2186 2299 2440 2347; x_wconf 82' lang='lat' dir='ltr'>conceffiffe</span> <span class='ocrx_word' id='word_1_194' title='bbox 2477 2317 2533 2348; x_wconf 88' lang='lat' dir='ltr'>ac</span> 
     </span>
     <span class='ocr_line' id='line_1_20' title="bbox 530 2372 2532 2452; baseline 0.001 -18"><span class='ocrx_word' id='word_1_195' title='bbox 530 2387 715 2452; x_wconf 90' lang='lat' dir='ltr'>quitum</span> <span class='ocrx_word' id='word_1_196' title='bbox 762 2386 975 2435; x_wconf 85' lang='lat' dir='ltr'>clamafl&#39;e</span> <span class='ocrx_word' id='word_1_197' title='bbox 1010 2405 1096 2452; x_wconf 91' lang='lat' dir='ltr'>pro</span> <span class='ocrx_word' id='word_1_198' title='bbox 1131 2406 1208 2436; x_wconf 90' lang='lat' dir='ltr'>me</span> <span class='ocrx_word' id='word_1_199' title='bbox 1249 2397 1296 2436; x_wconf 86' lang='lat' dir='ltr'>et</span> <span class='ocrx_word' id='word_1_200' title='bbox 1335 2388 1589 2436; x_wconf 90' lang='lat' dir='ltr'>heredibus</span> <span class='ocrx_word' id='word_1_201' title='bbox 1634 2387 1750 2435; x_wconf 90' lang='lat' dir='ltr'>meis</span> <span class='ocrx_word' id='word_1_202' title='bbox 1785 2387 1833 2434; x_wconf 92' lang='lat' dir='ltr'>in</span> <span class='ocrx_word' id='word_1_203' title='bbox 1868 2372 2149 2452; x_wconf 86' lang='lat' dir='ltr'>perpetuum</span> <span class='ocrx_word' id='word_1_204' title='bbox 2185 2387 2273 2436; x_wconf 93' lang='lat' dir='ltr'>deo</span> <span class='ocrx_word' id='word_1_205' title='bbox 2310 2397 2357 2435; x_wconf 92' lang='lat' dir='ltr'>et</span> <span class='ocrx_word' id='word_1_206' title='bbox 2396 2389 2532 2437; x_wconf 86' lang='lat' dir='ltr'>beate</span> 
     </span>
     <span class='ocr_line' id='line_1_21' title="bbox 532 2475 2534 2542; baseline 0 -18"><span class='ocrx_word' id='word_1_207' title='bbox 532 2477 687 2530; x_wconf 79' lang='lat' dir='ltr'>COarie</span> <span class='ocrx_word' id='word_1_208' title='bbox 722 2486 770 2524; x_wconf 89' lang='lat' dir='ltr'>et</span> <span class='ocrx_word' id='word_1_209' title='bbox 809 2476 961 2525; x_wconf 71' lang='lat' dir='ltr'>sancto</span> <span class='ocrx_word' id='word_1_210' title='bbox 1001 2476 1213 2525; x_wconf 88' lang='lat' dir='ltr'>Johanni</span> <span class='ocrx_word' id='word_1_211' title='bbox 1254 2476 1461 2542; x_wconf 84' lang='lat' dir='ltr'>apostolo</span> <span class='ocrx_word' id='word_1_212' title='bbox 1502 2486 1550 2525; x_wconf 89' lang='lat' dir='ltr'>et</span> <span class='ocrx_word' id='word_1_213' title='bbox 1595 2476 1875 2542; x_wconf 86' lang='lat' dir='ltr'>euangeliste</span> <span class='ocrx_word' id='word_1_214' title='bbox 1915 2476 1974 2524; x_wconf 92' lang='lat' dir='ltr'>de</span> <span class='ocrx_word' id='word_1_215' title='bbox 2012 2475 2170 2524; x_wconf 86' lang='lat' dir='ltr'>Insula</span> <span class='ocrx_word' id='word_1_216' title='bbox 2203 2476 2447 2530; x_wconf 66' lang='lat' dir='ltr'>miffarum</span> <span class='ocrx_word' id='word_1_217' title='bbox 2487 2486 2534 2525; x_wconf 92' lang='lat' dir='ltr'>et</span> 
     </span>
     <span class='ocr_line' id='line_1_22' title="bbox 534 2563 2536 2630; baseline 0 -17"><span class='ocrx_word' id='word_1_218' title='bbox 534 2564 769 2613; x_wconf 87' lang='lat' dir='ltr'>canonicis</span> <span class='ocrx_word' id='word_1_219' title='bbox 804 2563 979 2612; x_wconf 89' lang='lat' dir='ltr'>ibidem</span> <span class='ocrx_word' id='word_1_220' title='bbox 1009 2565 1098 2613; x_wconf 93' lang='lat' dir='ltr'>deo</span> <span class='ocrx_word' id='word_1_221' title='bbox 1131 2565 1440 2613; x_wconf 84' lang='lat' dir='ltr'>seruientibus</span> <span class='ocrx_word' id='word_1_222' title='bbox 1469 2574 1516 2614; x_wconf 93' lang='lat' dir='ltr'>et</span> <span class='ocrx_word' id='word_1_223' title='bbox 1546 2565 1596 2612; x_wconf 91' lang='lat' dir='ltr'>in</span> <span class='ocrx_word' id='word_1_224' title='bbox 1626 2574 1908 2630; x_wconf 88' lang='lat' dir='ltr'>perpetuum</span> <span class='ocrx_word' id='word_1_225' title='bbox 1942 2564 2184 2613; x_wconf 88' lang='lat' dir='ltr'>seruituris</span> <span class='ocrx_word' id='word_1_226' title='bbox 2214 2582 2300 2630; x_wconf 90' lang='lat' dir='ltr'>pro</span> <span class='ocrx_word' id='word_1_227' title='bbox 2332 2565 2536 2629; x_wconf 85' lang='lat' dir='ltr'>quadam</span> 
     </span>
     <span class='ocr_line' id='line_1_23' title="bbox 535 2652 2536 2718; baseline 0 -19"><span class='ocrx_word' id='word_1_228' title='bbox 535 2652 713 2699; x_wconf 88' lang='lat' dir='ltr'>summa</span> <span class='ocrx_word' id='word_1_229' title='bbox 727 2652 953 2716; x_wconf 89' lang='lat' dir='ltr'>peccunie</span> <span class='ocrx_word' id='word_1_230' title='bbox 971 2669 1112 2716; x_wconf 86' lang='lat' dir='ltr'>quam</span> <span class='ocrx_word' id='word_1_231' title='bbox 1135 2652 1250 2700; x_wconf 89' lang='lat' dir='ltr'>mihi</span> <span class='ocrx_word' id='word_1_232' title='bbox 1272 2670 1358 2718; x_wconf 89' lang='lat' dir='ltr'>pre</span> <span class='ocrx_word' id='word_1_233' title='bbox 1381 2653 1598 2700; x_wconf 89' lang='lat' dir='ltr'>manibus</span> <span class='ocrx_word' id='word_1_234' title='bbox 1622 2653 1671 2699; x_wconf 89' lang='lat' dir='ltr'>in</span> <span class='ocrx_word' id='word_1_235' title='bbox 1694 2670 1800 2700; x_wconf 84' lang='lat' dir='ltr'>mea.</span> <span class='ocrx_word' id='word_1_236' title='bbox 1822 2669 1995 2717; x_wconf 88' lang='lat' dir='ltr'>magna</span> <span class='ocrx_word' id='word_1_237' title='bbox 2017 2653 2279 2701; x_wconf 87' lang='lat' dir='ltr'>neceffitate</span> <span class='ocrx_word' id='word_1_238' title='bbox 2304 2652 2536 2701; x_wconf 88' lang='lat' dir='ltr'>dederunt</span> 
     </span>
     <span class='ocr_line' id='line_1_24' title="bbox 539 2740 2537 2807; baseline 0.001 -18"><span class='ocrx_word' id='word_1_239' title='bbox 539 2749 694 2789; x_wconf 89' lang='lat' dir='ltr'>totum</span> <span class='ocrx_word' id='word_1_240' title='bbox 721 2741 800 2805; x_wconf 90' lang='lat' dir='ltr'>jus</span> <span class='ocrx_word' id='word_1_241' title='bbox 832 2741 958 2804; x_wconf 90' lang='lat' dir='ltr'>quod</span> <span class='ocrx_word' id='word_1_242' title='bbox 988 2740 1137 2789; x_wconf 88' lang='lat' dir='ltr'>habeo</span> <span class='ocrx_word' id='word_1_243' title='bbox 1173 2750 1219 2789; x_wconf 87' lang='lat' dir='ltr'>et</span> <span class='ocrx_word' id='word_1_244' title='bbox 1250 2741 1378 2805; x_wconf 87' lang='lat' dir='ltr'>quod</span> <span class='ocrx_word' id='word_1_245' title='bbox 1405 2741 1520 2788; x_wconf 88' lang='lat' dir='ltr'>mihi</span> <span class='ocrx_word' id='word_1_246' title='bbox 1549 2751 1595 2789; x_wconf 92' lang='lat' dir='ltr'>et</span> <span class='ocrx_word' id='word_1_247' title='bbox 1623 2741 1875 2789; x_wconf 84' lang='lat' dir='ltr'>heredibus</span> <span class='ocrx_word' id='word_1_248' title='bbox 1909 2741 2026 2790; x_wconf 87' lang='lat' dir='ltr'>meis</span> <span class='ocrx_word' id='word_1_249' title='bbox 2062 2750 2328 2807; x_wconf 87' lang='lat' dir='ltr'>competere</span> <span class='ocrx_word' id='word_1_250' title='bbox 2363 2742 2537 2807; x_wconf 87' lang='lat' dir='ltr'>poterit</span> 
     </span>
     <span class='ocr_line' id='line_1_25' title="bbox 538 2829 2538 2894; baseline 0.001 -18"><span class='ocrx_word' id='word_1_251' title='bbox 538 2829 586 2876; x_wconf 90' lang='lat' dir='ltr'>in</span> <span class='ocrx_word' id='word_1_252' title='bbox 616 2829 829 2876; x_wconf 86' lang='lat' dir='ltr'>futurum</span> <span class='ocrx_word' id='word_1_253' title='bbox 857 2829 907 2875; x_wconf 91' lang='lat' dir='ltr'>in</span> <span class='ocrx_word' id='word_1_254' title='bbox 935 2837 1059 2877; x_wconf 87' lang='lat' dir='ltr'>terra</span> <span class='ocrx_word' id='word_1_255' title='bbox 1087 2846 1229 2893; x_wconf 86' lang='lat' dir='ltr'>quam</span> <span class='ocrx_word' id='word_1_256' title='bbox 1257 2829 1387 2894; x_wconf 88' lang='lat' dir='ltr'>prius</span> <span class='ocrx_word' id='word_1_257' title='bbox 1415 2829 1548 2877; x_wconf 91' lang='lat' dir='ltr'>tenui</span> <span class='ocrx_word' id='word_1_258' title='bbox 1584 2846 1670 2893; x_wconf 90' lang='lat' dir='ltr'>pro</span> <span class='ocrx_word' id='word_1_259' title='bbox 1709 2830 1911 2894; x_wconf 82' lang='lat' dir='ltr'>quadam</span> <span class='ocrx_word' id='word_1_260' title='bbox 1940 2839 2069 2878; x_wconf 84' lang='lat' dir='ltr'>certa</span> <span class='ocrx_word' id='word_1_261' title='bbox 2107 2830 2243 2877; x_wconf 85' lang='lat' dir='ltr'>firma</span> <span class='ocrx_word' id='word_1_262' title='bbox 2282 2847 2440 2878; x_wconf 88' lang='lat' dir='ltr'>annua</span> <span class='ocrx_word' id='word_1_263' title='bbox 2480 2832 2538 2879; x_wconf 91' lang='lat' dir='ltr'>de</span> 
     </span>
     <span class='ocr_line' id='line_1_26' title="bbox 540 2915 2539 2983; baseline 0.001 -18"><span class='ocrx_word' id='word_1_264' title='bbox 540 2916 746 2965; x_wconf 86' lang='lat' dir='ltr'>Ricardo</span> <span class='ocrx_word' id='word_1_265' title='bbox 762 2916 820 2964; x_wconf 86' lang='lat' dir='ltr'>de</span> <span class='ocrx_word' id='word_1_266' title='bbox 837 2915 1108 2981; x_wconf 86' lang='lat' dir='ltr'>Laycestria</span> <span class='ocrx_word' id='word_1_267' title='bbox 1125 2916 1362 2981; x_wconf 84' lang='lat' dir='ltr'>quondam</span> <span class='ocrx_word' id='word_1_268' title='bbox 1381 2917 1595 2982; x_wconf 81' lang='lat' dir='ltr'>burgensi</span> <span class='ocrx_word' id='word_1_269' title='bbox 1615 2917 1673 2965; x_wconf 90' lang='lat' dir='ltr'>de</span> <span class='ocrx_word' id='word_1_270' title='bbox 1692 2917 1838 2965; x_wconf 89' lang='lat' dir='ltr'>Perth</span> <span class='ocrx_word' id='word_1_271' title='bbox 1854 2926 1900 2965; x_wconf 89' lang='lat' dir='ltr'>et</span> <span class='ocrx_word' id='word_1_272' title='bbox 1919 2918 2076 2983; x_wconf 83' lang='lat' dir='ltr'>postea</span> <span class='ocrx_word' id='word_1_273' title='bbox 2100 2918 2159 2966; x_wconf 91' lang='lat' dir='ltr'>de</span> <span class='ocrx_word' id='word_1_274' title='bbox 2177 2918 2281 2983; x_wconf 83' lang='lat' dir='ltr'>ipfis</span> <span class='ocrx_word' id='word_1_275' title='bbox 2305 2918 2539 2966; x_wconf 81' lang='lat' dir='ltr'>canonicis</span> 
     </span>
     <span class='ocr_line' id='line_1_27' title="bbox 540 3002 2540 3070; baseline 0 -18"><span class='ocrx_word' id='word_1_276' title='bbox 540 3004 590 3052; x_wconf 88' lang='lat' dir='ltr'>in</span> <span class='ocrx_word' id='word_1_277' title='bbox 624 3002 733 3051; x_wconf 86' lang='lat' dir='ltr'>villa</span> <span class='ocrx_word' id='word_1_278' title='bbox 769 3003 828 3051; x_wconf 91' lang='lat' dir='ltr'>de</span> <span class='ocrx_word' id='word_1_279' title='bbox 864 3002 1012 3051; x_wconf 90' lang='lat' dir='ltr'>Perth</span> <span class='ocrx_word' id='word_1_280' title='bbox 1048 3002 1096 3050; x_wconf 90' lang='lat' dir='ltr'>in</span> <span class='ocrx_word' id='word_1_281' title='bbox 1134 3003 1208 3050; x_wconf 90' lang='lat' dir='ltr'>via</span> <span class='ocrx_word' id='word_1_282' title='bbox 1243 3002 1405 3051; x_wconf 89' lang='lat' dir='ltr'>boriali</span> <span class='ocrx_word' id='word_1_283' title='bbox 1445 3004 1729 3052; x_wconf 86' lang='lat' dir='ltr'>Tenendum</span> <span class='ocrx_word' id='word_1_284' title='bbox 1768 3014 1815 3053; x_wconf 86' lang='lat' dir='ltr'>et</span> <span class='ocrx_word' id='word_1_285' title='bbox 1851 3004 2123 3053; x_wconf 87' lang='lat' dir='ltr'>habendum</span> <span class='ocrx_word' id='word_1_286' title='bbox 2161 3005 2265 3070; x_wconf 86' lang='lat' dir='ltr'>ipfis</span> <span class='ocrx_word' id='word_1_287' title='bbox 2306 3006 2540 3053; x_wconf 82' lang='lat' dir='ltr'>canonicis</span> 
     </span>
     <span class='ocr_line' id='line_1_28' title="bbox 543 3089 2540 3157; baseline 0.002 -19"><span class='ocrx_word' id='word_1_288' title='bbox 543 3100 590 3139; x_wconf 91' lang='lat' dir='ltr'>et</span> <span class='ocrx_word' id='word_1_289' title='bbox 617 3106 779 3138; x_wconf 90' lang='lat' dir='ltr'>eorum</span> <span class='ocrx_word' id='word_1_290' title='bbox 817 3089 1140 3141; x_wconf 71' lang='lat' dir='ltr'>successoribus</span> <span class='ocrx_word' id='word_1_291' title='bbox 1172 3090 1220 3137; x_wconf 90' lang='lat' dir='ltr'>in</span> <span class='ocrx_word' id='word_1_292' title='bbox 1252 3099 1535 3156; x_wconf 88' lang='lat' dir='ltr'>perpetuum</span> <span class='ocrx_word' id='word_1_293' title='bbox 1571 3090 1715 3139; x_wconf 83' lang='lat' dir='ltr'>libere</span> <span class='ocrx_word' id='word_1_294' title='bbox 1757 3093 1913 3157; x_wconf 90' lang='lat' dir='ltr'>quiete</span> <span class='ocrx_word' id='word_1_295' title='bbox 1949 3091 2155 3157; x_wconf 82' lang='lat' dir='ltr'>plenarie</span> <span class='ocrx_word' id='word_1_296' title='bbox 2197 3103 2243 3141; x_wconf 87' lang='lat' dir='ltr'>et</span> <span class='ocrx_word' id='word_1_297' title='bbox 2287 3092 2540 3142; x_wconf 87' lang='lat' dir='ltr'>honorifice</span> 
     </span>
    </p>
   </div>
  </div>
 </body>
</html>
