2808 3926
389 391 450 434 54
1155 385 1626 435 REGISTRUM

392 548 441 589 et
464 541 555 589 suis
578 540 902 589 successoribus
925 539 986 587 ad
1005 537 1196 587 calicem
1214 548 1261 587 et
1276 547 1552 587 ornamenta
1566 538 1741 587 ibidem
1760 539 2101 588 inueniendum
2124 557 2209 605 per
2223 558 2394 606 preno-

393 630 622 678 minatam
656 637 833 678 cartam
868 628 1126 676 donauerat
1157 637 1204 675 et
1235 627 1517 676 concesserat
1547 626 1657 675 Deo
1691 635 1740 675 et
1771 626 1956 676 ecclesie
1986 626 2310 677 Dunblanenfi
2334 631 2393 678 de

394 718 689 767 ordinatione
712 717 919 782 ejusdem
942 715 1036 765 loci
1059 715 1261 782 episcopi
1283 716 1443 781 postea
1463 723 1648 764 mutata
1659 714 1901 764 vohmtate
1925 716 2168 782 affignauit
2183 734 2272 783 ego
2284 735 2394 766 vero

394 804 558 854 nolens
591 822 677 870 pro
712 804 894 852 defectu
925 803 1156 851 dictorum
1190 812 1576 852 ornamentorum
1608 803 1771 851 diuina
1801 803 1953 852 officia
1984 803 2036 851 in
2067 803 2189 852 dicto
2220 802 2395 852 elemo-

394 891 558 939 finario
593 891 762 940 cessare
797 908 856 939 ex
890 907 997 939 mea
1029 908 1163 939 mera
1195 890 1439 939 voluntate
1474 891 1538 939 do
1571 899 1619 940 et
1652 891 1855 956 presenti
1889 899 2017 939 carta
2050 891 2277 940 confirmo
2310 909 2397 958 pro

393 981 536 1029 salute
560 980 715 1029 anime
738 998 842 1029 mee
867 988 913 1029 et
935 979 1271 1028 antecessorum
1294 996 1511 1028 meorum
1534 987 1581 1028 et
1605 979 1714 1028 dicti
1739 977 1919 1026 domini
1954 1007 1964 1016 -
1999 979 2057 1033 α)
2093 1004 2105 1017 ·
2142 979 2325 1027 comitis
2349 988 2396 1027 et

395 1069 581 1117 suorum
605 1068 943 1116 antecessorum
965 1067 1197 1133 sepedicto
1230 1066 1469 1133 capellano
1493 1076 1541 1116 et
1563 1065 1656 1114 suis
1682 1066 2010 1114 successoribus
2038 1065 2090 1113 in
2112 1076 2395 1132 perpetuum

394 1173 536 1203 vnam
559 1172 767 1203 marcam
790 1155 976 1220 argenti
999 1155 1061 1203 ad
1085 1155 1203 1204 duos
1227 1155 1342 1203 anni
1373 1156 1600 1204 terminos
1623 1154 1794 1204 scilicet
1821 1156 2125 1204 medietatem
2148 1154 2207 1203 ad
2239 1155 2397 1220 penti-

396 1244 552 1292 costen
576 1251 624 1291 et
646 1242 789 1291 aliam
810 1242 1115 1292 medietatem
1137 1243 1198 1291 ad
1220 1243 1389 1292 festum
1412 1243 1554 1291 saneti
1578 1243 1780 1297 martini
1803 1243 1855 1290 in
1878 1260 2016 1309 yeme
2039 1242 2395 1309 percipiendam

394 1331 585 1397 singulis
609 1332 744 1380 annis
773 1332 832 1380 de
861 1340 986 1380 terra
1008 1349 1151 1397 quam
1174 1331 1235 1380 ad
1257 1332 1582 1380 feodofirmam
1606 1340 1746 1380 teneo
1770 1348 1857 1398 per
1881 1341 2060 1380 cartam
2081 1331 2134 1379 in
2158 1331 2395 1380 territorio

396 1420 456 1468 de
480 1419 716 1485 Petlandy
740 1437 825 1485 per
851 1419 1071 1467 abbatem
1098 1428 1146 1467 et
1178 1428 1466 1468 conuentum
1491 1420 1550 1467 de
1580 1419 1735 1467 Insula
1758 1419 2004 1473 COiffarum
2030 1419 2200 1484 quibus
2225 1419 2395 1468 dictam

395 1517 569 1557 terram
582 1525 668 1574 per
686 1516 863 1556 cartam
885 1525 1040 1556 meam
1058 1507 1278 1574 affignaui
1297 1534 1309 1546 ·
1334 1507 1457 1556 Volo
1473 1508 1616 1557 etiam
1632 1517 1679 1556 et
1695 1508 1901 1556 concedo
1925 1507 2054 1572 quod
2076 1508 2109 1555 fi
2128 1508 2250 1556 dista
2272 1516 2396 1556 terra

397 1614 425 1645 a
447 1597 672 1663 predictis
695 1597 863 1645 abbate
891 1605 940 1646 et
974 1605 1213 1645 conuentu
1236 1595 1392 1661 aliquo
1419 1597 1526 1645 casu
1547 1597 1627 1645 seu
1650 1598 1887 1646 occasione
1917 1614 2003 1662 per
2025 1595 2229 1661 aliquem
2252 1597 2394 1645 fuerit

397 1686 546 1734 θιιὶἃε.
568 1685 695 1750 quod
728 1684 926 1733 heredes
953 1684 1048 1733 mei
1077 1684 1154 1732 seu
1187 1683 1398 1748 assignati
1431 1684 1492 1732 ad
1524 1701 1641 1749 quos
1670 1701 1951 1749 quocunque
1974 1683 2111 1733 titulo
2142 1693 2264 1733 terre
2290 1702 2395 1733 mee

395 1774 663 1823 transierint
682 1774 741 1822 de
755 1774 860 1839 ipsis
884 1773 1022 1821 terris
1040 1773 1249 1838 predicto
1265 1771 1505 1838 capellano
1521 1780 1569 1821 et
1586 1773 1679 1821 suis
1702 1771 2030 1821 successoribus
2045 1772 2235 1838 singulis
2258 1773 2394 1821 annis

397 1862 610 1911 terminis
638 1861 907 1928 supradiffls
935 1861 1107 1910 dictam
1139 1878 1348 1909 marcam
1383 1861 1567 1926 argenti
1596 1869 1738 1926 prout
1773 1860 1948 1909 diffium
1980 1862 2044 1909 est
2074 1863 2169 1909 fine
2206 1870 2395 1909 contra-

397 1951 598 1999 dictione
621 1950 778 2015 aliqua
808 1949 1074 2016 persoluant
1097 1958 1146 1998 et
1168 1949 1230 1997 ad
1251 1949 1340 1998 hec
1364 1948 1664 1997 ecclesiastica
1687 1948 1969 1997 districtione
1992 1950 2024 1996 fi
2047 1949 2223 1997 necesse
2253 1949 2396 1998 fuerit

397 2040 743 2106 compellantur
781 2040 847 2088 ita
882 2037 1100 2088 videlicet
1135 2038 1263 2103 quod
1302 2047 1456 2086 cetere
1492 2046 1615 2086 terre
1656 2037 1718 2085 ad
1754 2054 2100 2103 quemcumque
2131 2038 2395 2086 transierint

396 2147 482 2195 pro
505 2128 788 2194 prestatione
812 2128 934 2176 dicte
957 2144 1115 2175 marce
1137 2135 1413 2175 remaneant
1437 2126 1485 2174 in
1508 2135 1793 2191 perpetuum
1818 2125 2024 2191 obligate
2049 2153 2061 2164 ·
2088 2126 2147 2174 In
2171 2128 2305 2192 cujus
2327 2127 2396 2175 rei

397 2217 713 2266 testimonium
746 2216 835 2264 hiis
857 2215 1008 2264 literis
1040 2215 1333 2281 presentibus
1367 2213 1565 2280 sigillum
1596 2232 1757 2262 meum
1779 2214 1971 2280 apposui
2010 2253 2019 2263 .
2058 2214 2172 2280 Hijs
2203 2215 2394 2263 testibus

395 2305 589 2355 domino
613 2304 826 2353 Roberto
840 2303 916 2352 dei
936 2303 1091 2369 gratia
1112 2302 1328 2368 episcopo
1343 2300 1672 2350 Dunblanenfi
1699 2329 1709 2339 ·
1743 2301 1937 2349 domino
1953 2301 2000 2349 A
2021 2327 2033 2340 ·
2058 2295 2221 2350 eadem
2245 2302 2396 2367 gratia

397 2396 566 2444 abbate
601 2394 661 2443 de
696 2392 852 2441 Insula
882 2392 1130 2446 missarum
1160 2399 1208 2439 et
1231 2390 1438 2455 ejusdem
1468 2389 1561 2438 loci
1584 2399 1824 2439 conuentu
1854 2416 1866 2429 ·
1896 2390 2111 2456 magistro
2143 2391 2350 2440 Ricardo
2380 2418 2392 2430 ·

395 2483 609 2549 magistro
646 2481 866 2531 Grilberto
903 2508 913 2519 ·
943 2480 1156 2546 magistro
1180 2479 1213 2528 J
1247 2479 1307 2528 de
1341 2479 1482 2545 Logy
1518 2478 1702 2528 ecclesie
1735 2477 2085 2528 Dunblanenfis
2119 2479 2354 2528 canonicis
2381 2508 2392 2519 ·

397 2571 588 2620 domino
625 2599 636 2609 ·
665 2570 697 2619 J
723 2596 735 2609 ·
769 2569 946 2618 decano
968 2595 981 2608 ·
1019 2569 1064 2617 T
1090 2594 1102 2608 ·
1128 2568 1187 2616 de
1212 2566 1369 2633 Gorty
1394 2576 1442 2616 et
1465 2566 1625 2615 multis
1647 2566 1750 2632 alijs
1779 2593 1792 2606 ·
1827 2566 2013 2616 Datum
2036 2568 2163 2633 apud
2188 2567 2393 2617 Insulam

397 2659 641 2714 COifl'arum
684 2674 808 2705 anno
852 2656 1001 2722 gratie
1031 2655 1269 2704 millesimo
1304 2659 1406 2704 ccm⁰
1445 2655 1778 2720 septuagesimo
1805 2654 1961 2720 primo
1996 2654 2071 2704 die
2105 2655 2245 2704 sancti
2281 2655 2393 2706 Cle-

393 2745 564 2798 mentis
586 2762 708 2812 pape
732 2754 780 2794 et
801 2743 1004 2792 martiris
1030 2772 1042 2782 ·
