2756 3926
1074 374 1178 422 DE
1224 372 1756 424 INCHAFFERY.
2358 379 2422 428 63

406 529 579 578 mentis
611 529 892 579 omnimodis
927 529 1048 577 infra
1077 527 1238 576 villam
1273 536 1320 576 et
1355 536 1490 576 extra
1523 536 1665 593 prout
1698 525 1893 575 liberius
1921 535 1970 575 et
2004 526 2215 591 quiecius
2249 527 2416 593 aliquis

405 616 538 666 miles
556 617 760 682 aliquam
780 617 1078 667 elemosinam
1095 617 1144 664 in
1166 625 1265 665 toto
1280 633 1427 681 regno
1449 614 1608 664 Scotie
1627 614 1739 663 dare
1755 613 1831 663 vel
1848 614 2107 663 concedere
2125 616 2259 680 poffit
2279 643 2290 654 ·
2310 615 2417 680 Ego

404 722 515 754 vero
540 705 688 754 dictus
714 732 725 744 ·
751 707 808 760 ΟΣ)
834 732 846 744 ·
871 704 1006 753 miles
1030 713 1078 753 et
1100 703 1297 752 heredes
1315 703 1407 751 mei
1425 702 1548 751 hanc
1571 701 1867 751 elemofinam
1891 702 2112 767 predictis
2130 702 2350 769 religiofis
2370 713 2417 751 et

404 809 567 841 eorum
591 792 915 842 succefforibus
939 791 1157 841 collatam
1180 800 1344 840 contra
1366 807 1531 839 omnes
1553 789 1768 839 homines
1786 799 1833 839 et
1851 789 2049 838 feminas
2066 789 2115 838 in
2133 800 2415 856 perpetuum

402 879 815 928 warantizabimus
848 879 1140 946 protigemus
1181 887 1229 927 et
1266 877 1577 927 defendemus
1611 886 1754 942 atque
1793 876 1990 926 liberam
2030 886 2078 926 et
2112 877 2321 943 quietam
2355 879 2414 926 ab

401 967 530 1016 omni
570 985 713 1016 onere
754 966 995 1016 exactione
1035 975 1083 1015 et
1119 965 1355 1014 demanda
1393 963 1585 1013 seculari
1624 973 1672 1013 et
1716 964 1911 1014 seruicio
1954 964 2146 1031 penitus
2190 964 2414 1014 faciemus

355 1089 360 1092 -
402 1067 450 1103 et
489 1054 837 1103 obseruabimus
879 1081 891 1094 ·
936 1054 996 1101 In
1036 1053 1171 1118 cujus
1210 1051 1278 1100 rei
1313 1051 1631 1100 testimonium
1669 1050 1780 1099 huic
1816 1050 1987 1117 scripto
2021 1050 2220 1117 sigillum
2253 1069 2413 1101 meum

402 1141 594 1207 apposui
622 1169 632 1180 ·
660 1141 771 1206 Hijs
795 1140 989 1190 testibus
1012 1139 1205 1188 domino
1234 1138 1440 1187 Patricio
1464 1138 1524 1187 de
1550 1137 1766 1186 Graham
1798 1165 1810 1177 ·
1846 1138 2039 1187 domino
2068 1166 2080 1178 ·
2105 1139 2159 1187 N
2192 1167 2203 1178 ·
2235 1140 2412 1189 rectore

402 1229 588 1279 ecclesie
612 1228 672 1278 de
701 1229 856 1279 Creffe
879 1227 976 1277 filio
1000 1245 1106 1276 meo
1133 1256 1144 1266 ·
1169 1226 1385 1293 magistro
1409 1225 1599 1275 Thoma
1614 1225 1795 1275 decano
1812 1225 2164 1276 Dunblanenfis
2189 1227 2374 1278 ecclefie
2399 1257 2410 1267 ·

401 1317 615 1383 magistro
645 1317 851 1366 Ricardo
880 1317 940 1366 de
974 1314 1256 1382 Stryuyllyn
1288 1315 1497 1381 ejusdem
1525 1313 1713 1363 ecclesie
1741 1314 1968 1364 canonico
2004 1343 2014 1354 -
2045 1315 2236 1365 domino
2274 1345 2285 1355 ·
2311 1316 2361 1367 G
2399 1346 2409 1356 ·

401 1405 594 1470 persona
616 1405 676 1454 de
701 1403 881 1470 Comry
919 1432 930 1443 ·
966 1403 1160 1452 domino
1187 1431 1197 1442 ·
1222 1403 1255 1452 J
1293 1431 1304 1442 ·
1337 1402 1535 1468 persona
1557 1401 1616 1450 de
1641 1401 1896 1468 Buffyddir
1928 1429 1939 1442 ·
1969 1403 2162 1453 domino
2186 1403 2410 1454 Donaldo

401 1493 578 1542 decano
602 1493 661 1542 de
684 1492 887 1547 methell
910 1521 924 1532 ·
948 1491 1191 1541 Willelmo
1215 1490 1383 1541 clerico
1407 1500 1455 1541 et
1478 1489 1640 1540 multis
1664 1489 1768 1556 alijs
1787 1517 1799 1529 ·

405 1740 564 1809 Carta
587 1758 646 1806 de
668 1756 923 1823 lapidicina
947 1795 960 1807 .

312 1933 375 1982 64
403 1916 659 1983 Omnibus
688 1933 926 1999 presentes
947 1931 1107 1982 literas
1130 1932 1292 1981 visuris
1315 1932 1389 1981 vel
1411 1932 1644 1981 audituris
1670 1959 1681 1971 ·
1712 1933 1771 1987 CO
1806 1958 1818 1970 ·
1855 1949 2011 1982 comes
2034 1931 2094 1982 de
2120 1933 2400 2002 Stratheryn

399 2020 593 2070 salntem
616 2021 665 2069 in
689 2020 882 2070 domino
919 2049 930 2060 ·
964 2020 1212 2070 Noueritis
1240 2038 1326 2070 nos
1351 2020 1524 2070 dediffe
1547 2030 1595 2070 et
1624 2021 1881 2071 concefliffe
1905 2031 1953 2071 et
1985 2021 2074 2071 hac
2097 2032 2226 2072 carta
2248 2026 2403 2074 nostra

398 2108 686 2158 confirmaffe
719 2126 805 2174 pro
840 2109 975 2157 nobis
1006 2117 1054 2158 et
1084 2108 1336 2157 heredibus
1366 2108 1532 2157 nostris
1562 2108 1612 2156 in
1646 2126 1815 2175 puram
1846 2118 1894 2159 et
1916 2119 2195 2176 perpetuam
2225 2110 2402 2162 elemo-

397 2197 540 2244 finam
579 2195 690 2244 Deo
736 2204 784 2244 et
828 2196 967 2244 beate
1002 2195 1157 2250 marie
1195 2205 1245 2244 et
1276 2196 1416 2244 beato
1456 2195 1488 2244 J
1490 2195 1667 2244 ohanni
1705 2195 1911 2260 apostolo
1950 2206 1998 2246 et
2036 2197 2319 2264 euangeliste
2353 2209 2401 2248 et

395 2282 614 2349 religiofis
635 2282 745 2330 viris
778 2283 940 2332 abbati
974 2291 1022 2332 et
1054 2282 1309 2332 conuentui
1341 2282 1402 2331 de
1435 2282 1596 2331 Insula
1627 2283 1873 2337 COifl'arum
1906 2284 2112 2333 caritatis
2146 2285 2321 2335 intuitu
2351 2295 2400 2336 et

395 2388 482 2438 pro
504 2370 649 2420 salute
678 2371 834 2420 anime
864 2371 1018 2420 nostre
1049 2380 1097 2420 et
1119 2371 1456 2420 antecefl'orum
1485 2372 1749 2420 nostrorum
1778 2371 2021 2421 licenciam
2043 2382 2092 2422 et
2121 2375 2397 2440 potestatem

395 2439 730 2525 inperpetuum
774 2458 986 2507 fodiendi
1032 2468 1082 2507 et
1126 2458 1311 2507 secandi
1357 2457 1538 2524 lapides
1584 2459 1634 2507 in
1679 2458 1933 2526 lapidicina
1979 2461 2134 2510 nostra
2176 2471 2225 2511 et
2273 2472 2399 2512 terra

395 2548 550 2596 nostra
585 2547 644 2596 de
675 2546 962 2612 Nethirgaik
995 2546 1056 2595 ad
1087 2545 1321 2596 ecclefiam
1344 2547 1474 2595 suam
1504 2557 1554 2596 et
1584 2548 1793 2597 officinas
1815 2548 1919 2597 suas
1947 2566 2003 2598 ac
2024 2550 2185 2599 omnia
2214 2551 2398 2601 edificia

395 2635 445 2683 in
468 2635 590 2684 dieo
612 2634 889 2683 monasterio
911 2651 998 2699 pro
1015 2632 1256 2683 voluntate
1274 2634 1354 2682 sua
1371 2634 1680 2683 construenda
1698 2662 1710 2675 ·
1731 2634 2049 2685 Conceflimus
2065 2636 2205 2686 etiam
2225 2638 2396 2688 eisdem

395 2740 480 2788 per
502 2732 652 2771 totam
683 2731 857 2771 terram
892 2722 1098 2770 nostram
1127 2722 1187 2770 de
1217 2721 1508 2788 Nethirgaik
1537 2721 1739 2772 liberum
1769 2725 2014 2774 tranfitum
2043 2725 2107 2774 ad
2135 2727 2392 2792 predictam

393 2808 694 2875 lapidicinam
712 2808 968 2858 introitum
1003 2809 1054 2857 in
1081 2810 1282 2859 eandem
1317 2819 1366 2860 et
1398 2810 1600 2860 liberum
1635 2810 1817 2860 exitum
1851 2829 1960 2860 cum
1989 2812 2259 2863 hominibus
2289 2816 2392 2864 ani-

396 2895 596 2946 malibus
619 2896 857 2963 quadrigis
883 2897 1083 2947 vecturis
1105 2897 1458 2963 quibuscunque
1480 2897 1662 2964 lapides
1685 2898 1968 2948 ducentibus
1989 2899 2068 2949 seu
2090 2902 2390 2966 portantibus

396 2991 444 3030 et
469 2981 586 3030 duas
608 2998 740 3031 acras
762 2991 886 3032 terre
909 2982 1028 3031 dicte
1050 2982 1304 3049 lapidicine
1333 3001 1391 3033 ex
1421 2994 1556 3049 parte
1579 2984 1856 3035 occidentali
1883 2987 2099 3052 proximo
2121 2988 2392 3054 adjacentes

397 3077 447 3117 vt
480 3067 658 3117 ibidem
689 3067 871 3135 lapides
894 3086 1012 3134 quos
1041 3070 1210 3135 poffint
1233 3070 1450 3136 colligere
1483 3081 1532 3121 et
1555 3072 1751 3122 domum
1782 3073 1832 3122 in
1854 3090 1949 3139 qua
1969 3074 2155 3125 eosdem
2178 3075 2392 3127 incidant
