2808 3926
1074 376 1177 424 DE
1222 372 1765 425 INCHAFFERY.
2359 379 2420 430 27

408 531 530 579 bone
562 531 788 580 memorie
821 531 1023 582 Roberti
1054 531 1201 597 patris
1234 531 1376 580 nostri
1409 531 1638 581 comitum
1672 531 1732 580 de
1767 530 2055 598 Stratheryn
2091 531 2329 580 canonicis
2365 533 2424 581 de

410 620 574 668 Insula
608 620 853 674 COifl'arum
889 621 951 669 ad
985 620 1262 669 solutionem
1305 621 1596 669 decimarum
1631 620 1845 670 omnium
1881 620 2156 670 reddituum
2195 631 2244 670 et
2281 639 2425 670 cano-

406 726 514 756 rum
554 710 819 758 nostrorum
858 710 908 758 in
949 711 1191 760 frumento
1232 710 1383 759 farina
1419 711 1566 759 brasio
1606 728 1756 776 grano
1793 710 1934 759 caseis
1973 710 2196 759 carnibus
2235 710 2424 777 piffibus

407 798 574 846 auibus
615 798 945 847 venationibus
992 807 1039 847 et
1085 799 1305 847 omnibus
1352 799 1536 848 cibariis
1574 817 1666 864 que
1711 799 1761 846 in
1801 798 1930 847 curia
1975 799 2131 848 nostra
2175 798 2423 847 annuatim

407 889 748 954 expenduntur
785 890 900 937 ficut
941 888 989 936 in
1031 897 1163 936 carta
1203 897 1251 937 et
1290 888 1669 939 confirmatione⁴
1693 888 2009 953 predictorum
2051 888 2278 938 comitum
2318 905 2421 954 pre-

407 977 694 1026 decessorum
734 979 999 1026 nostrorum
1040 976 1280 1026 canonicis
1325 977 1436 1026 inde
1482 977 1704 1026 confeffis
1749 976 1935 1041 plenius
1977 977 2248 1026 continetur
2295 1004 2307 1016 ·
2355 977 2422 1025 Et

406 1066 624 1131 quamuis
647 1066 772 1114 idem
795 1065 1009 1115 canonici
1033 1065 1082 1113 in
1106 1065 1249 1130 plena
1272 1075 1320 1114 et
1342 1065 1539 1131 pacifica
1561 1065 1876 1131 predfflarum
1894 1065 2184 1114 decimarum
2208 1065 2420 1114 omnium

406 1171 494 1220 per
524 1153 675 1202 multa
706 1163 925 1220 tempora
954 1153 1132 1202 fuerint
1166 1153 1436 1219 pofl'efflone
1470 1152 1607 1201 nobis
1641 1162 1799 1202 tamen
1825 1153 1952 1218 quod
1983 1153 2140 1202 minus
2173 1153 2313 1219 plene
2344 1171 2422 1202 eas

405 1260 490 1309 per
505 1242 736 1291 defefftum
749 1241 1031 1291 balliuorum
1045 1243 1308 1291 nostrorum
1323 1242 1576 1307 aliquando
1591 1250 1872 1308 receperunt
1887 1260 2029 1307 quam
2045 1242 2206 1308 cepius
2222 1260 2420 1308 grauem

405 1331 723 1397 deposuerunt
741 1331 979 1396 querelam
999 1332 1125 1380 vnde
1144 1331 1254 1397 quia
1270 1331 1350 1397 pia
1365 1340 1476 1379 vota
1493 1340 1744 1396 parentum
1765 1331 2029 1379 nostrorum
2049 1330 2184 1379 nobis
2202 1331 2424 1380 nonlicet

404 1419 562 1485 aliquo
591 1420 733 1469 modo
762 1420 1020 1487 infringere
1043 1421 1123 1470 sed
1144 1420 1306 1487 potius
1331 1437 1385 1468 ea
1408 1419 1574 1468 diuina
1596 1429 1840 1468 annuente
1864 1419 2157 1486 dispositione
2181 1419 2303 1468 illius
2328 1438 2423 1469 non

404 1509 705 1557 immemores
747 1508 829 1574 qui
869 1509 1084 1558 omnium
1123 1510 1356 1557 bonorum
1397 1508 1505 1574 pius
1547 1508 1612 1556 est
1652 1507 1908 1556 retributor
1947 1517 2224 1556 aumentare
2261 1518 2309 1556 et
2346 1510 2424 1574 pio

405 1599 631 1648 desiderio
664 1599 830 1648 eadem
859 1598 1140 1647 confirmare
1178 1626 1188 1637 ·
1223 1598 1338 1647 hinc
1366 1598 1432 1646 est
1461 1596 1591 1663 quod
1613 1597 1836 1662 prediffis
1860 1596 2098 1645 canonicis
2122 1615 2207 1663 pro
2231 1598 2426 1646 decimis

402 1688 612 1755 superius
644 1687 898 1736 nominatis
931 1705 1049 1753 quas
1080 1686 1270 1753 singulis
1302 1686 1438 1735 annis
1467 1695 1579 1735 ante
1608 1703 1787 1734 annum
1818 1685 1998 1734 domini
2026 1685 2315 1740 millesimum
2341 1693 2423 1735 cc'¹¹

404 1777 484 1826 xl¹¹²
506 1777 567 1842 vij
601 1804 612 1816 ·
646 1778 696 1825 in
719 1777 850 1825 curia
872 1777 1028 1825 nostra
1044 1777 1169 1843 juste
1194 1776 1540 1825 consueuerunt
1562 1775 1808 1841 percipere
1830 1775 1998 1841 viginti
2022 1785 2222 1840 quatuor
2244 1793 2423 1824 marcas

403 1867 649 1916 annuatim
673 1866 1002 1933 percipiendas
1026 1865 1244 1915 videlicet
1266 1865 1434 1931 viginti
1458 1881 1640 1913 marcas
1664 1864 1723 1912 dc
1746 1864 1885 1912 firma
1916 1864 2073 1912 nostra
2101 1865 2229 1930 apud
2252 1866 2424 1914 Dunin

406 1967 453 2007 et
477 1966 679 2023 quatuor
709 1973 892 2004 marcas
917 1956 977 2004 de
1003 1954 1277 2003 Abruthfen
1308 1954 1358 2002 in
1381 1955 1479 2002 vita
1502 1953 1725 2002 comitifl'e
1749 1952 1909 2007 matris
1934 1954 2090 2002 nostre
2114 1971 2231 2019 quas
2255 1955 2423 2004 eisdem

405 2047 506 2114 post
535 2046 765 2095 decessum
794 2044 1005 2111 ejusdem
1038 2061 1125 2092 nos
1153 2043 1228 2092 vel
1258 2043 1456 2092 heredes
1488 2042 1632 2091 nostri
1661 2042 1711 2090 in
1738 2041 1829 2090 alio
1861 2051 1990 2091 certo
2018 2041 2120 2092 loco
2152 2052 2199 2091 et
2231 2060 2422 2109 compe-

405 2135 528 2185 tenti
550 2134 782 2183 soluemus
811 2132 1118 2182 medietatem
1147 2132 1208 2180 ad
1236 2131 1540 2198 pentecosten
1571 2140 1619 2179 et
1651 2129 1790 2179 aliam
1823 2130 2126 2179 medietatem
2161 2131 2223 2179 ad
2256 2131 2424 2180 festum

404 2224 530 2273 beati
565 2222 768 2278 martini
803 2221 853 2270 in
886 2238 1024 2288 yeme
1065 2221 1305 2286 quousque
1342 2219 1479 2268 nobis
1515 2218 1592 2268 vel
1631 2219 1884 2268 heredibus
1924 2219 2090 2268 nostris
2125 2211 2433 2285 quocumque*

398 2315 508 2379 jure
547 2312 762 2375 vberiora
799 2312 926 2360 bona
965 2309 1257 2359 accreuerint
1298 2310 1579 2374 assignamus
1620 2308 1787 2357 ceteris
1824 2307 2033 2356 articulis
2070 2309 2288 2357 omnibus
2323 2319 2420 2357 tam

404 2402 454 2450 in
491 2400 630 2450 cartis
667 2398 873 2449 Gilberti
909 2397 986 2447 aui
1023 2397 1167 2447 nostri
1204 2413 1346 2462 quam
1382 2396 1434 2443 in
1468 2395 1826 2444 confirmatione
1863 2395 2062 2444 Roberti
2096 2397 2243 2462 patris
2277 2397 2423 2447 nostri

404 2490 642 2540 contentis
689 2488 739 2536 in
786 2489 866 2536 suo
911 2488 1078 2536 robore
1123 2486 1363 2534 duraturis
1408 2485 1620 2535 volentes
1668 2484 1837 2533 eisdem
1883 2485 2119 2534 canonicis
2164 2486 2421 2535 secundum

402 2580 635 2628 bonorum
660 2578 923 2626 nostrorum
955 2574 1202 2624 annuatim
1233 2574 1523 2624 decimarum
1552 2574 1741 2622 suarum
1772 2574 1936 2639 augeri
1968 2573 2230 2640 portionem
2266 2574 2332 2623 Et
2361 2592 2419 2623 ne

403 2667 636 2734 predi&os
665 2665 915 2714 canonicos
938 2681 1024 2728 per
1047 2663 1278 2712 defe6>mm
1305 2662 1415 2711 dieti
1437 2661 1654 2711 redditus
1676 2660 1768 2709 suis
1791 2660 2003 2709 terminis
2027 2679 2123 2710 non
2146 2661 2281 2710 soluti
2304 2680 2417 2711 con-

404 2757 588 2823 tingere
622 2756 755 2822 poffit
787 2754 1061 2819 inposterim
1096 2769 1395 2818 quacumque
1426 2750 1665 2800 caliditate
1699 2750 1886 2816 grauari
1917 2735 2004 2798 nos
2031 2759 2079 2799 et
2109 2750 2236 2798 bona
2262 2751 2417 2799 nostra

405 2845 618 2894 vniuersa
645 2842 956 2909 jurisdictioni
991 2841 1211 2908 Episcopi
1242 2838 1592 2888 Dunblanenfis
1627 2838 1709 2902 qui
1742 2854 1828 2903 pro
1863 2846 2075 2903 tempore
2110 2837 2253 2886 fuerit
2288 2838 2415 2886 subi-

405 2934 554 2982 cimus
589 2942 639 2980 vt
667 2949 752 2980 nos
781 2941 829 2980 et
855 2930 1054 2979 balliuos
1089 2930 1268 2978 nostros
1299 2928 1361 2976 ad
1388 2926 1664 2976 solutionem
1695 2925 1902 2991 predicite
1932 2926 2131 2992 pecunie
2159 2927 2273 2974 ficut
2301 2943 2414 2991 pre„

405 3021 581 3070 distum
617 3021 683 3069 est
719 3036 1015 3085 quacumque
1053 3018 1239 3066 sensura
1274 3015 1572 3066 ecclesiastica
1608 3014 1872 3063 decreuerit
1907 3014 2166 3065 monitione
2199 3014 2412 3079 premifl'a

403 3111 539 3177 poffit
561 3108 842 3177 compellere
879 3136 890 3146 ·
928 3107 987 3155 In
1015 3109 1151 3172 cujus
1181 3105 1251 3155 rei
1281 3102 1598 3154 testimonium
1630 3102 1740 3150 huic
1771 3101 1941 3167 scripto
1974 3101 2170 3168 sigillum
2203 3103 2408 3157 nostrum
