2808 3926
461 383 523 427 34
1221 373 1698 426 REGISTRUM

472 602 633 668 Carta
657 619 715 668 de
737 620 814 667 sex
837 619 1006 667 marcis
1029 619 1088 667 de
1111 618 1423 667 Abircarnich
1447 646 1459 659 ·

382 800 444 845 35
474 778 727 844 Omnibus
752 794 925 844 Christi
955 794 1170 843 fidelibus
1201 798 1264 845 ad
1294 814 1496 862 quorum
1526 797 1743 846 notitiam
1767 797 2001 862 presentes
2024 796 2238 845 venerint
2262 795 2470 851 COalisius

470 905 624 936 comes
647 887 705 935 de
731 885 1014 952 Stratheryn
1039 895 1249 936 eternam
1272 886 1321 933 in
1340 885 1530 934 domino
1553 884 1748 933 salutem
1774 912 1784 922 ·
1809 883 2015 933 Nouerit
2037 884 2307 933 vniuerfitas
2324 885 2473 934 vestra

470 976 597 1041 quod
631 993 740 1024 cum
762 975 849 1023 viri
879 974 1075 1040 religiosi
1110 975 1253 1022 abbas
1285 983 1332 1022 et
1363 982 1624 1022 conuentus
1648 972 1923 1027 monasterii
1954 972 2013 1021 de
2048 971 2205 1020 Insula
2228 972 2472 1027 missarum

472 1064 617 1113 effent
653 1064 703 1111 in
739 1063 1006 1129 posi'effione
1051 1061 1309 1128 recipiendi
1352 1062 1431 1110 sex
1475 1079 1656 1110 marcas
1701 1060 2029 1126 sterlingorum
2075 1061 2265 1109 nomine
2309 1061 2474 1109 secun-

472 1153 638 1200 darum
678 1151 967 1201 decimarum
1000 1151 1261 1199 nostrarum
1306 1150 1365 1199 de
1399 1150 1537 1198 firma
1576 1160 1699 1198 terre
1740 1149 1798 1198 de
1834 1148 2146 1197 Balleuolleth
2183 1149 2232 1197 in
2271 1150 2373 1215 syro
2415 1149 2473 1197 de

472 1241 629 1308 Foglis
652 1241 778 1290 idem
800 1240 999 1306 religiosi
1023 1240 1085 1288 ad
1107 1239 1374 1288 instantiam
1398 1240 1601 1288 nostram
1625 1238 1860 1304 patienter
1882 1238 2198 1287 sustinuerunt
2230 1256 2316 1287 nos
2347 1237 2473 1286 illam

471 1341 645 1381 terram
691 1330 750 1378 de
795 1328 1106 1378 Balleuolleth
1146 1328 1336 1376 domino
1379 1327 1428 1377 G
1468 1356 1478 1366 ·
1516 1327 1649 1376 fratri
1685 1327 1839 1376 nostro
1877 1327 2085 1376 conferre
2122 1336 2169 1376 et
2207 1329 2267 1375 fic
2304 1328 2474 1376 eisdem

471 1420 690 1486 religiosis
713 1418 762 1466 in
785 1418 956 1466 eisdem
977 1418 1055 1466 sex
1076 1417 1244 1466 marcis
1271 1417 1573 1465 remansimus
1596 1415 1787 1482 obligati
1821 1443 1832 1454 ·
1868 1414 2030 1472 Quare
2053 1415 2268 1464 volumus
2292 1427 2338 1465 et
2362 1435 2475 1465 con-

472 1507 683 1557 cedimus
714 1505 886 1555 eisdem
919 1503 1140 1571 religiosis
1174 1522 1258 1569 per
1286 1504 1409 1553 hanc
1436 1503 1713 1568 scripturam
1743 1521 1875 1552 mera
1906 1503 2060 1552 nostra
2088 1503 2329 1552 voluntate
2361 1522 2474 1553 con-

471 1596 639 1644 fectam
662 1611 747 1659 pro
771 1592 905 1641 nobis
929 1601 977 1641 et
1004 1592 1258 1641 heredibus
1282 1592 1446 1641 nostris
1469 1591 1543 1640 vel
1567 1590 1798 1656 affignatis
1822 1591 1949 1656 quod
1972 1591 2082 1639 dieti
2109 1591 2304 1657 religiosi
2329 1592 2474 1641 dicitas

471 1684 550 1732 sex
582 1699 761 1730 marcas
806 1680 995 1730 nomine
1029 1681 1336 1729 secundarum
1367 1679 1653 1728 decimarum
1688 1679 1948 1727 nostrarum
1981 1681 2076 1728 fine
2111 1680 2475 1729 contradifflone

472 1770 614 1820 nostri
647 1769 720 1818 vel
752 1769 980 1817 heredum
1014 1769 1274 1816 nostrorum
1309 1767 1384 1817 vel
1418 1768 1748 1833 assignatorum
1780 1768 2042 1816 nostrorum
2075 1769 2134 1817 de
2167 1770 2304 1819 firma
2336 1780 2471 1820 tene-

474 1858 622 1906 menti
662 1857 720 1906 de
755 1856 1115 1921 Abbircarnych
1146 1855 1374 1921 recipiant
1414 1855 1463 1903 in
1498 1864 1781 1920 perpetuum
1814 1871 1899 1919 per
1932 1872 2100 1903 manus
2141 1856 2471 1922 cujuscumqhe

473 1946 650 1994 dictum
690 1953 1013 1993 tenementum
1055 1944 1114 1991 de
1153 1942 1498 1991 Abbircarnich
1537 1941 1597 1990 de
1637 1941 1772 1990 nobis
1805 1941 1878 1989 vel
1917 1942 2167 1991 heredibus
2201 1945 2366 1992 nostris
2400 1944 2474 1993 vel

475 2033 707 2099 affignatis
742 2031 946 2081 tenentis
984 2030 1226 2080 soluendas
1260 2031 1322 2079 ad
1356 2030 1475 2079 duos
1509 2029 1621 2078 anni
1654 2029 1880 2078 terminos
1909 2029 2080 2079 scilicet
2113 2049 2253 2079 vnam
2294 2033 2473 2083 medie-

473 2129 616 2167 tatem
643 2118 705 2166 ad
726 2117 894 2166 festum
928 2117 1195 2183 penticostis
1227 2126 1274 2166 et
1309 2117 1447 2165 aliam
1482 2117 1785 2166 medietatem
1808 2115 1869 2165 ad
1901 2117 2069 2167 festum
2103 2119 2243 2168 sandffi
2274 2122 2475 2175 COartini

472 2207 520 2254 in
543 2224 681 2272 yeme
716 2231 730 2246 ο
767 2205 891 2253 Item
915 2222 1024 2253 cum
1054 2214 1271 2253 tenemur
1302 2204 1472 2253 eisdem
1501 2204 1720 2271 religiosis
1749 2205 1798 2252 in
1826 2205 2020 2272 triginta
2041 2207 2119 2255 sex
2141 2207 2270 2256 libris
2292 2209 2475 2258 sterlin-

471 2311 638 2361 gorum
657 2310 772 2358 quas
788 2293 998 2357 cepimus
1017 2293 1076 2341 de
1090 2292 1235 2341 fratre
1256 2292 1464 2358 Hugone
1482 2302 1596 2341 tunc
1613 2293 1837 2357 temporis
1856 2294 2048 2343 terrario
2066 2296 2273 2361 ejusdem
2296 2301 2475 2353 ‹nonas-

473 2382 577 2430 terii
600 2381 658 2429 de
690 2380 891 2446 pecunia
921 2380 1161 2444 quondam
1190 2379 1369 2445 Rogeri
1403 2380 1462 2429 de
1496 2379 1633 2430 Colm
1665 2379 1820 2429 clerici
1857 2382 2190 2447 quamquidem
2227 2387 2475 2448 pecuniam

472 2470 600 2518 idem
635 2470 856 2534 Rogerus
887 2469 1062 2517 fabrice
1092 2467 1277 2516 ecclesie
1308 2468 1419 2517 diffl
1450 2468 1713 2523 (nonasterii
1744 2470 1996 2519 donatione
2027 2471 2149 2520 inter
2178 2472 2310 2522 viuos
2345 2475 2476 2525 dedit

475 2566 524 2605 et
547 2557 597 2604 in
620 2557 786 2604 decem
808 2555 942 2604 libris
964 2555 1294 2621 sterlingorum
1318 2573 1433 2621 quas
1457 2557 1516 2605 ab
1541 2556 1712 2605 eisdem
1735 2558 1996 2623 recepimus
2019 2569 2186 2609 mutuo
2208 2578 2295 2626 per
2317 2561 2475 2611 literas

474 2645 652 2693 nostras
684 2644 980 2710 obligatorias
1002 2645 1139 2710 super
1167 2644 1257 2693 hoc
1291 2645 1463 2694 eisdem
1495 2646 1727 2695 consedias
1759 2657 1806 2695 et
1830 2647 1972 2696 etiam
2003 2649 2053 2696 in
2083 2650 2250 2716 viginti
2273 2661 2477 2716 quatuor

474 2731 642 2780 marcis
691 2731 1022 2795 sterlingorum
1070 2731 1129 2780 de
1176 2731 1404 2782 solutione
1455 2733 1775 2799 predicitarum
1813 2735 1891 2783 sex
1930 2753 2199 2785 marcarum
2245 2739 2305 2788 de
2341 2741 2478 2791 firma

474 2819 679 2884 predicite
702 2828 825 2868 terre
844 2819 903 2867 de
927 2818 1238 2869 Balleuolleth
1262 2838 1347 2886 per
1370 2838 1455 2869 nos
1479 2839 1507 2869 a
1529 2821 1747 2887 predistis
1770 2822 1989 2889 religiosis
2011 2842 2097 2890 per
2113 2836 2314 2891 quatuor
2330 2847 2478 2880 annos

474 2917 767 2958 retentarum
783 2935 795 2946 ·
811 2907 916 2956 Nos
939 2925 1049 2957 vero
1068 2908 1238 2957 eisdem
1251 2909 1471 2975 religiosis
1493 2911 1746 2960 satiffacere
1769 2911 1976 2963 volentes
1992 2914 2158 2964 eisdem
2179 2919 2479 2969 concedimus

476 3015 562 3063 pro
588 2996 722 3045 nobis
748 3005 795 3045 et
817 2995 1067 3045 heredibus
1091 2997 1257 3045 nostris
1282 3007 1328 3046 et
1352 2999 1583 3065 affignatis
1602 3010 1650 3049 et
1666 3000 1880 3050 volumus
1898 3004 2025 3067 quod
2047 3004 2127 3070 ipfi
2146 3005 2339 3073 religiosi
2357 3010 2479 3059 reci-

480 3086 614 3152 piant
637 3084 845 3151 quolibet
867 3102 991 3134 anno
1015 3086 1077 3134 ad
1099 3086 1324 3136 terminos
1349 3089 1698 3153 prenominatos
1721 3100 1920 3156 quatuor
1948 3110 2127 3143 marcas
2154 3095 2478 3164 sterlingorum
