2756 3926
379 381 463 423 156

1075 379 1288 422 INDEX
1331 377 1678 422 NOMINUM.

376 518 620 570 Stratheryn‚
639 518 808 557 decanus
832 517 896 565 de,
922 517 1135 563 Johannes,
1153 520 1283 556 rector
1306 516 1357 554 (16
1423 514 1664 564 stratheryn,
1695 513 1954 551 marescallus·
1970 513 2120 553 comitis
2148 514 2211 561 de,
2238 515 2400 560 Alanus,

483 582 761 629 Glendofouer,
776 582 842 619 44.

500 646 700 696 episcopus
719 646 781 692 (16,
799 645 828 684 J
829 645 984 691 onatha,
1003 645 1068 684 11.

501 710 579 749 6116
596 710 772 748 Palatine
790 709 841 756 of,
861 709 1028 755 Patrick,
1048 708 1102 747 lii.
1211 745 1215 749 .

375 799 483 808 ---
498 775 577 813 filia
607 774 759 813 comitis
794 774 961 812 Gilberti
989 773 1052 820 de,
1079 772 1259 820 Matilda,
1289 771 1354 819 16,

478 837 545 884 26,
562 837 671 877 xxiii.

374 924 482 932 —
496 901 575 940 filia
592 901 743 940 comitis
759 900 903 939 Malisii
921 901 982 948 (16,
1001 901 1139 946 Μ6116,
1157 900 1226 939 xli.

497 965 576 1003 filia
592 965 746 1003 comitis
761 965 906 1004 Malisii
924 965 986 1010 de,
1001 969 1041 1004 et
1060 978 1157 1004 uxor
1173 964 1351 1003 Welandi

479 1030 529 1067 de
547 1029 645 1075 Ard,
663 1030 729 1068 liv.

405 1126 408 1129 .
494 1094 597 1132 filius
614 1094 767 1133 comitis
784 1094 930 1132 Mausii
947 1094 1010 1138 de,
1027 1092 1234 1140 Hemieus,
1253 1106 1349 1133 xxv.
1410 1084 1414 1088 ’

496 1159 598 1197 filius
616 1159 766 1197 comitis
786 1158 956 1197 Gilberti
973 1159 1035 1205 de,
1050 1159 1268 1208 Fergusius,
1286 1157 1350 1205 11,

477 1223 540 1269 12,
560 1222 623 1270 13,
642 1223 709 1270 20,
729 1223 795 1270 23,
813 1223 880 1270 33,
899 1223 964 1270 59,
984 1222 1047 1268 60,
1066 1222 1170 1260 xxvi.
1189 1223 1321 1260 xxviii.

493 1287 594 1326 filius
612 1287 762 1326 comitis
782 1287 951 1327 Gilberti
965 1287 1026 1334 de,
1040 1287 1214 1335 Ferteth,
1229 1288 1267 1335 5,
1285 1288 1348 1334 10,

477 1352 541 1399 11,
559 1350 622 1399 16,
642 1350 708 1399 26,
723 1351 788 1398 29,
807 1351 871 1399 60,
893 1350 956 1397 67,
977 1351 1043 1390 68.

367 1438 475 1449 —-
491 1415 592 1454 filius
614 1416 765 1454 comitis
784 1416 952 1454 Gilberti
969 1417 1029 1461 (16,
1051 1415 1263 1463 Gilbertus,
1283 1415 1347 1462 12,

475 1480 540 1526 21,
559 1480 626 1527 23,
645 1480 712 1527 34,
730 1479 795 1528 67,
816 1480 880 1527 68,
898 1481 1004 1520 xxvi.
1022 1481 1155 1518 xxviii.

492 1543 593 1582 filius
610 1545 759 1583 comitis
780 1545 949 1584 Gilberti
975 1546 1038 1593 de,
1061 1545 1261 1591 Gilchrist,
1282 1544 1346 1591 11,

471 1621 575 1648 xxiV.

497 1673 599 1711 filius
622 1673 775 1712 comitis
793 1673 965 1712 Gilberti
978 1674 1040 1720 (16,
1065 1673 1257 1718 Malisius,
1284 1673 1345 1720 11,

474 1736 538 1783 12,
555 1737 621 1784 23,
641 1737 707 1784 33,
726 1738 792 1785 53,
811 1736 876 1784 57,
897 1737 962 1784 59,
983 1736 1048 1783 68,
1068 1735 1133 1783 70,
1152 1737 1256 1776 xxvi.

487 1801 589 1839 filius
615 1802 764 1840 comitis
784 1801 955 1841 Gilberti
979 1802 1041 1848 de,
1069 1801 1278 1848 Robcrtus,
1307 1802 1344 1848 5,

470 1864 534 1912 11,
555 1865 618 1912 12,
640 1866 704 1913 19,
724 1865 790 1913 29,
808 1866 874 1913 33,
895 1865 958 1913 67,
980 1865 1044 1912 68,
1063 1879 1153 1903 xxv.

362 1953 470 1959 ——
486 1929 588 1967 filius
615 1930 765 1970 comitis
785 1930 955 1970 Gilherti
979 1930 1041 1978 (16,
1060 1930 1287 1975 willelmus,
1307 1931 1344 1978 5,

468 1993 532 2040 10,
553 1993 618 2041 11,
638 1992 707 2042 67,
728 1992 793 2033 68.

361 2081 469 2090 —--
481 2058 582 2097 filius
601 2059 800 2098 senescalli
820 2058 883 2097 G’.
903 2059 966 2105 de,
982 2058 1050 2096 Μ’.
1070 2072 1161 2097 xxv.

361 2144 464 2153 ——-
485 2120 586 2159 filius
622 2121 822 2160 senescalli
853 2121 998 2159 Malisii
1038 2121 1101 2169 de,
1138 2121 1344 2166 Henricus,

482 2249 602 2288 frater
632 2250 803 2290 Gilberti
834 2251 895 2295 de,
928 2250 1107 2288 dominus
1139 2249 1341 2293 Ricardus,

467 2327 589 2353 xxvn.
1010 2350 1013 2353 Α

484 2379 604 2418 frater
637 2379 806 2418 Gilberti
832 2379 893 2427 de,
923 2378 1122 2417 Galfridus
1145 2379 1194 2416 de
1225 2377 1342 2425 Gask,

411 2473 417 2481 .
467 2443 586 2482 xxvii.
1093 2459 1099 2464 ·

486 2507 606 2547 frater
624 2507 794 2546 Gilberti
812 2508 873 2554 de,
893 2507 1082 2555 Malisius,
1101 2508 1207 2555 xxiv,
1226 2520 1317 2545 xxv.

361 2595 469 2605 —-—-—
488 2571 552 2610 G’.
573 2572 636 2618 (16,
656 2570 722 2619 73,
743 2570 808 2612 74.

379 2661 469 2668 --
488 2635 688 2675 Gilbertus
705 2636 808 2674 filius
825 2635 1083 2674 archidiaconi
1101 2636 1162 2682 (16,
1182 2634 1246 2676 Ἷ6.

482 2699 694 2746 Gilbertus,
713 2701 834 2739 frater
861 2700 1013 2738 comitis
1032 2700 1085 2738 M·
1102 2700 1177 2738 lisii
1194 2701 1254 2747 de,
1275 2700 1340 2747 57,

470 2765 535 2803 58.
886 2798 888 2800 ,

360 2854 467 2861 -—
486 2828 688 2868 Gilber'tus
705 2829 832 2868 socius
850 2828 999 2868 comitis
1015 2828 1185 2867 Gilberti
1198 2829 1260 2876 de,
1277 2827 1340 2875 16,

467 2892 533 2933 26.
778 2920 780 2922 -

480 2957 624 3008 judicis
643 2957 704 3004 de,
726 2956 914 2996 Gilchrist
932 2957 1045 3003 filius,
1067 2956 1104 2994 8.

361 3047 468 3055 --
484 3022 663 3060 Μ61161115
689 3021 812 3063 frater
839 3022 991 3060 comitis
1020 3021 1190 3060 Gilberti
1206 3020 1267 3069 de,
1303 3021 1341 3068 5,

472 3086 535 3133 10,
557 3086 621 3132 11,
642 3084 706 3134 73,
727 3084 791 3133 74,
812 3084 876 3126 76.

1528 577 1594 615 28.

1545 641 1757 679 Mauricius
1774 640 1992 690 capellanus
2009 642 2202 681 comitisse
2219 643 2280 690 (16,
2297 642 2361 681 66.

1546 705 1777 744 senescallus
1797 705 1859 751 de,
1881 705 1944 744 G’.
1962 718 2053 745 xxv,
2410 727 2423 737 2

1539 769 1769 808 senescallus
1781 769 1843 816 (16,
1855 769 2043 817 Μ61151115,
2056 769 2093 817 8,
2102 770 2167 817 19,
2177 771 2243 818 33,
2256 770 2321 818 59,
2334 768 2398 817 64,

1525 834 1629 872 xxvi.
1645 834 1750 872 xxvi.
1770 834 1888 872 xxvii.
1908 834 2040 873 xxviii.

1542 911 1650 937 soror
1695 898 1845 937 comitis
1898 898 2041 936 Malisii
2086 899 2148 946 de,
2193 899 2398 947 Amabilia,

1522 963 1659 1002 xxxiii.
1678 963 1811 1014 xxxiv.

1541 1040 1649 1066 soror
1667 1027 1819 1066 comitis
1837 1026 2004 1065 Roberti
2022 1027 2083 1074 de,
2105 1027 2261 1075 Cecilia,
2279 1029 2395 1067 xxvii.

1539 1103 1679 1141 sponsa
1698 1090 1869 1129 Gilberti
1885 1090 1948 1138 (16,
1966 1090 2138 1138 Ysenda,
2155 1091 2274 1130 xxvii.

1541 1155 1629 1193 wife
1648 1155 1692 1193 of
1709 1154 1822 1193 Malis
1841 1154 1920 1193 erle
1938 1154 1990 1201 of,
2008 1154 2195 1206 Marjory,
2213 1155 2305 1193 xliv.

1556 1218 1715 1257 Ysenda
1762 1232 1902 1269 sponsa
1938 1218 2109 1257 Gilberti
2147 1219 2297 1259 comitis
2332 1221 2396 1266 de,
2423 1248 2427 1251 -

1522 1281 1586 1321 64.

1414 1346 1646 1396 Stephanus,
1667 1347 1901 1398 capellanus,
1921 1346 1985 1387 74.

1413 1410 1625 1463 Streuylin,
1644 1412 1826 1461 magister
1844 1412 2032 1450 Ricardus
2051 1412 2112 1458 de,
2130 1413 2260 1450 xxxvi.

1537 1476 1680 1514 thanus
1700 1477 1762 1523 de,
1781 1476 2009 1522 Duneanus‚
2027 1476 2131 1514 xxiv.

1536 1540 1701 1579 vicarius
1747 1541 1809 1588 de,
1855 1541 2039 1591 magister
2063 1546 2066 1549 “
2083 1538 2230 1591 Symon
2274 1542 2394 1589 Belle,

1516 1604 1664 1644 xxxvii.

1534 1667 1715 1707 dominus
1734 1669 1762 1707 J
1763 1668 1935 1708 ohannes
1953 1668 2016 1716 (16,
2036 1667 2101 1708 17.

1409 1753 1516 1764 —-
1531 1732 1641 1771 faber
1659 1732 1722 1780 de,
1734 1733 1866 1783 Vttig,
1886 1731 1951 1771 66.

1533 1796 1727 1837 Henricus
1754 1797 1818 1846 de,
1842 1797 1945 1836 filius
1976 1797 2128 1836 comitis
2154 1796 2295 1844 David,
2329 1798 2392 1845 19,

1515 1861 1626 1899 xxix.
2110 1907 2113 1909 ,

1533 1930 1662 1965 rector
1680 1925 1742 1973 de,
1760 1925 1789 1964 J
1790 1925 1973 1972 ohannes,
1992 1924 2058 1965 45.

1411 2013 1517 2020 —
1534 1989 1724 2028 Ricardus
1756 1990 1819 2037 de,
1845 1989 2051 2028 canonicus
2081 1989 2393 2035 Dumblanensis,

1517 2054 1582 2101 61,
1603 2053 1668 2094 63.

1535 2118 1726 2158 Ricardus
1743 2117 1806 2165 de,
1825 2118 2086 2166 cancellarius,
2101 2118 2166 2158 64.

1538 2183 1707 2223 Thomas
1726 2183 1795 2230 de,
1809 2183 2073 2230 cancellarius,
2093 2183 2157 2221 12.

1409 2270 1517 2281 ——-
1535 2247 1704 2287 Thomas
1723 2247 1786 2294 de,
1817 2247 2109 2287 archidiaconus
2129 2247 2391 2298 Glasguensis,

1514 2312 1584 2352 20.

1533 2377 1746 2416 vicecomes
1771 2376 1836 2423 de,
1866 2376 2105 2425 Alexander,
2140 2377 2204 2424 14,
2234 2376 2302 2425 70,
2326 2377 2390 2425 71,

1512 2454 1603 2481 xxv.

1531 2506 1726 2545 Robertus
1775 2505 1838 2552 de,

1515 2569 1580 2610 77.

1408 2635 1554 2681 Struin,
1573 2634 1717 2672 thanus
1735 2633 1797 2679 de,
1815 2633 2039 2682 Duncanus,
2059 2634 2124 2673 29.

1409 2700 1531 2746 Sules,
1550 2699 1726 2737 Fulcon'.
1746 2698 1808 2745 de,
1827 2711 1916 2736 xxv.

1887 2506 2057 2546 decanus
2090 2506 2389 2553 Dunkcldensis,

1532 2762 1723 2801 Ranulfus
1741 2762 1804 2810 de,
1823 2762 1861 2802 6.

1410 2827 1680 2874 Summerleth,
1700 2827 1766 2866 28.

1388 2917 1391 2919 -
1408 2893 1581 2939 Swanus,
1599 2892 1703 2930 filius
1722 2891 1863 2937 Thore,
1885 2890 1923 2929 6.

1410 2958 1569 3009 Symon,
1586 2956 1650 2996 74.

1531 3021 1632 3058 filius
1650 3019 1823 3067 Hemioi,
1842 3019 2042 3066 firmarius,
2063 3018 2128 3058 62.

1408 3085 1584 3137 Sympill,
1598 3083 1826 3129 Willelmus,
1847 3083 1912 3122 55.
