2808 3926
1064 375 1168 423 DE
1211 371 1750 425 INCHAFFERY.
2372 378 2403 426 9

398 547 563 597 precor
608 532 753 580 etiam
798 530 974 579 amicos
1018 547 1150 579 meos
1190 539 1238 579 et
1277 529 1547 579 hominibus
1593 538 1641 578 et
1686 527 1872 577 balliuis
1917 528 2034 577 meis
2079 527 2322 578 senescallo
2363 541 2410 577 et

395 620 555 670 Judici
596 637 701 669 meo
737 619 944 687 precipio
990 619 1212 685 quatinus
1258 636 1368 668 cum
1415 618 1593 667 neceffe
1642 617 1784 666 fuerit
1824 626 1872 667 et
1915 617 2121 683 requifiti
2165 617 2340 667 fuerint
2381 635 2410 666 a

394 710 574 775 prefato
600 709 762 758 Priore
787 718 835 758 et
866 708 1101 758 canonicis
1129 707 1258 757 omni
1286 708 1523 756 occasione
1552 716 1599 756 et
1628 705 1853 755 dilatione
1888 716 2071 756 remota
2097 706 2149 755 in
2180 706 2408 756 fidelitate

394 816 535 863 quam
558 798 674 847 mihi
698 798 872 847 debent
886 798 1078 847 veniant
1096 797 1159 846 ad
1174 797 1380 863 prefatos
1398 796 1605 861 priorem
1622 804 1670 844 et
1687 795 1937 845 canonicos
1961 805 2009 846 et
2026 806 2218 846 teneant
2235 795 2409 863 placita

392 887 725 937 canonicorum
748 887 830 936 ubi
853 886 1088 935 canonicis
1111 884 1341 958 placuerit
1362 885 1478 934 ficut
1499 902 1606 934 mea
1627 885 1819 952 propria
1849 885 1915 934 ita
1936 895 1991 934 ut
2014 885 2183 951 prefati
2205 885 2334 952 prior
2357 895 2406 936 et

391 976 606 1025 canonici
628 976 834 1025 habeant
857 976 1016 1025 omnia
1041 974 1271 1024 foriffacta
1297 982 1346 1023 et
1373 972 1532 1022 omnia
1558 990 1652 1039 que
1682 973 1744 1022 ad
1771 973 1950 1022 curiam
1978 990 2132 1023 meam
2164 975 2404 1040 pertinent

391 1064 511 1114 salva
532 1065 650 1114 mihi
674 1074 722 1115 et
744 1064 995 1114 heredibus
1018 1063 1134 1113 meis
1152 1063 1338 1129 justicia
1361 1079 1612 1129 corporum
1645 1091 1656 1102 ·
1685 1063 1768 1112 Do
1792 1063 1937 1112 etiam
1963 1063 2136 1113 eisdem
2162 1062 2402 1114 licentiam

389 1153 606 1219 capiendi
626 1170 790 1201 namos
809 1152 868 1202 de
885 1151 1101 1200 firmariis
1120 1151 1236 1200 meis
1253 1168 1340 1217 pro
1355 1151 1538 1200 decima
1555 1168 1647 1216 que
1665 1151 1732 1200 eis
1750 1151 1982 1218 contingit
2000 1153 2059 1202 de
2077 1151 2203 1202 dono
2221 1154 2403 1204 decime

387 1259 492 1290 mee
517 1243 550 1290 fi
577 1242 696 1291 forte
727 1241 789 1290 ad
815 1240 1040 1290 terminos
1070 1239 1267 1289 statutos
1296 1256 1391 1288 non
1420 1238 1726 1305 persoluerint
1752 1267 1763 1279 ·
1799 1240 2015 1307 Precipio
2039 1241 2182 1290 etiam
2204 1242 2403 1292 firmiter

385 1329 522 1395 super
543 1329 822 1379 forisfactum
848 1346 1009 1378 meum
1032 1328 1340 1377 seruientibus
1362 1328 1480 1377 meis
1503 1345 1564 1378 ne
1588 1329 1693 1392 quis
1717 1345 1882 1378 eorum
1905 1329 2028 1379 infra
2054 1338 2203 1380 terras
2230 1331 2401 1397 prefati

385 1417 553 1484 prioris
592 1427 641 1467 et
675 1417 1010 1467 canonicorum
1039 1417 1311 1467 violentiam
1337 1417 1414 1467 vel
1443 1418 1831 1489 disturbationem
1865 1419 2070 1485 aliquam
2103 1420 2278 1469 faciant
2311 1438 2400 1471 nec

384 1507 562 1572 aliquid
579 1507 770 1574 exigant
793 1507 876 1555 nifi
898 1524 984 1572 per
1006 1505 1169 1556 eorum
1191 1506 1487 1556 voluntatem
1511 1517 1559 1556 et
1585 1506 1826 1564 licentiam
1863 1536 1874 1548 ·
1910 1509 1977 1557 Et
2007 1519 2058 1558 vt
2088 1509 2176 1559 hec
2206 1509 2399 1559 libertas

384 1605 432 1645 et
459 1596 682 1645 conceflio
712 1613 819 1644 mea
846 1612 876 1644 a
902 1612 979 1644 me
1007 1604 1056 1644 et
1091 1595 1345 1644 heredibus
1374 1595 1492 1645 meis
1525 1604 1627 1644 rate
1664 1604 1712 1645 et
1749 1596 2016 1647 inconcufl'e
2052 1596 2316 1647 habeantur
2348 1598 2398 1647 in

382 1694 666 1751 perpetuum
703 1683 889 1749 presens
928 1683 1155 1748 scriptum
1193 1683 1325 1751 figilli
1358 1684 1452 1734 mei
1486 1685 1767 1751 appensione
1803 1686 2022 1735 roboraui
2057 1686 2169 1735 Hiis
2203 1687 2395 1736 testibus

383 1773 573 1823 domino
597 1772 833 1822 Willelmo
857 1773 1047 1822 Abbate
1071 1773 1131 1822 de
1157 1773 1312 1823 Scona
1336 1773 1547 1823 Roberto
1576 1773 1738 1823 Priore
1760 1774 1965 1839 ejusdem
1987 1775 2076 1824 loci
2105 1776 2138 1825 J
2140 1775 2325 1826 ohanne
2347 1786 2396 1826 et

384 1862 591 1911 Ricardo
626 1872 674 1912 et
707 1862 870 1927 Eungi
904 1861 1155 1928 capellanis
1189 1862 1306 1912 meis
1337 1861 1522 1918 COalifio
1548 1861 1809 1913 Senescallo
1836 1881 1943 1913 meo
1963 1863 2199 1914 Willelmo
2227 1865 2394 1915 clerico

382 1968 486 1999 meo
513 1950 722 2000 Henrico
745 1950 841 1999 filio
867 1950 1094 1999 Tristram
1117 1959 1165 1999 et
1187 1950 1347 1999 multis
1371 1949 1471 1999 aliis
1499 1978 1509 1989 ·

382 2199 617 2265 Libertas
640 2216 849 2282 piscandi
871 2227 918 2265 et
949 2216 1218 2282 aucupandi
1247 2234 1332 2281 per
1361 2234 1523 2266 omnes
1552 2228 1701 2267 terras
1737 2235 1883 2284 aquas
1915 2228 1963 2268 et
1990 2219 2119 2268 lacus
2144 2247 2157 2259 ·
2192 2221 2306 2270 item
2329 2222 2390 2270 de

381 2303 573 2352 decimis
606 2303 818 2353 secundis
853 2313 902 2352 et
935 2303 1125 2353 libertas
1160 2305 1440 2371 amputandi
1474 2322 1560 2371 per
1591 2305 1752 2354 omnia
1781 2323 1975 2355 nemora
2000 2307 2082 2355 ubi
2113 2308 2304 2372 quando
2337 2317 2387 2358 et

380 2402 611 2458 quantum
625 2393 857 2442 voluerint
880 2393 943 2442 ad
960 2411 1124 2443 omnes
1139 2393 1248 2443 usus
1274 2422 1284 2433 ·
1310 2394 1424 2444 item
1448 2395 1508 2444 de
1531 2394 1667 2444 terris
1690 2412 1788 2444 non
1812 2395 1982 2445 dandis
2006 2396 2090 2445 nifi
2112 2396 2246 2445 saluis
2263 2398 2386 2463 juri-

378 2483 467 2530 bus
491 2492 538 2531 et
561 2482 917 2531 reffltudinibus
941 2482 1073 2531 istius
1097 2483 1372 2549 monasterii
1400 2511 1411 2522 ·
1675 2468 1678 2472 .

325 2654 355 2698 5
384 2638 639 2706 Gilbertus
676 2674 833 2707 comes
870 2658 929 2706 de
973 2657 1254 2724 Stratheryn
1295 2657 1513 2707 omnibus
1548 2659 1700 2709 samste
1740 2659 1899 2714 matris
1935 2659 2120 2709 ecclesie
2152 2659 2261 2709 filiis
2295 2661 2385 2711 hoc

377 2746 597 2810 scriptum
620 2747 779 2795 visuris
803 2746 877 2796 vel
907 2747 1139 2796 audituris
1177 2746 1371 2796 salutem
1398 2747 1606 2797 Nouerit
1633 2748 1901 2797 vniverfltas
1931 2749 2080 2798 vestra
2106 2767 2184 2799 me
2212 2750 2384 2800 dedifl'e

377 2842 428 2883 et
467 2835 722 2884 conceffifl‘e
759 2846 806 2884 et
842 2835 930 2884 hac
969 2845 1098 2885 carta
1136 2854 1242 2885 mea
1280 2837 1568 2885 confirmasse
1602 2837 1691 2886 deo
1725 2846 1774 2886 et
1806 2837 1942 2886 beate
1976 2837 2130 2891 COarie
2164 2847 2211 2887 et
2244 2839 2382 2889 beato

379 2922 411 2970 J
413 2921 587 2971 ohanni
619 2922 825 2989 apostolo
860 2933 908 2973 et
943 2924 1178 2972 canonicis
1215 2924 1275 2972 de
1311 2923 1586 2990 Inchaffryn
1621 2924 1671 2972 in
1705 2942 1875 2990 puram
1907 2934 1954 2974 et
1990 2935 2268 2990 perpetuam
2295 2926 2382 2975 eli-

379 3010 602 3057 mofinam
632 3010 693 3059 de
722 3028 799 3059 me
830 3020 879 3060 et
909 3011 1161 3061 heredibus
1192 3011 1308 3060 meis
1340 3011 1572 3060 decimam
1602 3011 1815 3060 omnium
1844 3012 2089 3060 firmarum
2120 3013 2379 3063 nostrarum

379 3106 427 3145 et
474 3114 695 3147 canorum
734 3099 996 3150 nostrorum
1041 3100 1091 3148 in
1135 3099 1372 3151 frumento
1416 3099 1568 3150 farina
1611 3100 1760 3149 brasio
1804 3116 1952 3166 grano
1998 3099 2124 3148 cafiis
2161 3101 2377 3151 carnibus

2002 3204 2030 3238 B
