2808 3926
417 372 477 416 44
1178 367 1654 418 REGISTRUM

415 532 464 572 et
488 524 566 572 sex
589 523 803 572 denarios
834 523 895 571 ad
925 523 1091 572 festum
1122 522 1262 571 sancti
1285 522 1485 576 COartini
1508 523 1556 570 in
1590 539 1727 588 yeme
1759 531 1807 571 et
1838 531 2052 587 preterea
2082 533 2179 574 tres
2204 527 2419 578 denarios

415 611 742 659 tantummodo
773 628 859 676 pro
883 610 1089 675 quolibet
1122 609 1268 674 Regis
1297 609 1471 658 auxilio
1500 610 1578 658 seu
1606 609 1815 658 exercitu
1841 610 2059 674 quotiens
2087 611 2304 663 dominus
2334 634 2420 664 rex

414 716 712 765 communem
735 698 993 746 exercitum
1015 696 1090 745 vel
1113 714 1363 745 commune
1386 696 1613 744 auxilium
1642 696 1829 760 exigere
1859 698 2108 763 contigerit
2142 718 2171 748 a
2204 710 2303 750 toto
2337 704 2417 752 suo

412 804 556 852 regno
583 815 593 825 -
625 786 685 833 In
708 787 842 851 cujus
866 785 936 833 rei
958 785 1276 834 testimonium
1298 784 1409 833 huic
1431 785 1603 850 scripto
1630 784 1829 851 figillum
1851 804 2011 834 meum
2034 789 2226 854 apposui
2259 817 2271 828 ·
2307 791 2415 839 Hiis

411 876 599 924 testibus
639 874 829 927 domino
867 874 1078 922 Roberto
1119 874 1196 922 dei
1228 875 1380 940 gratia
1414 874 1627 940 episcopo
1662 874 1987 923 Dunblanenfi
2026 903 2036 914 ·
2073 877 2262 926 domino
2289 907 2299 917 ·
2324 880 2377 927 N
2404 910 2414 919 ·

410 964 586 1012 rectore
626 962 685 1011 de
722 962 861 1011 Orefe
897 989 908 1001 ·
951 962 1142 1011 domino
1182 962 1214 1010 J
1217 962 1402 1010 ohanne
1441 971 1556 1011 tunc
1597 962 1776 1010 decano
1815 962 1875 1011 de
1918 962 2202 1030 Stratheryn
2240 968 2416 1016 rectore

411 1050 594 1100 ecclefie
629 1051 687 1099 de
724 1050 1048 1104 Glendofouer
1084 1077 1096 1089 ·
1135 1050 1337 1099 dominis
1374 1050 1424 1099 Gr
1457 1077 1468 1089 ·
1509 1059 1557 1098 et
1588 1077 1600 1089 ·
1634 1050 1666 1099 J
1699 1077 1712 1089 ·
1743 1051 1998 1099 rectoribus
2033 1052 2325 1102 ecclesiarum
2358 1056 2417 1103 de

412 1141 594 1206 Cumry
619 1150 666 1189 et
697 1140 756 1188 de
781 1139 981 1187 Buffidir
1018 1168 1028 1178 ·
1062 1139 1299 1188 Trestram
1332 1139 1391 1188 de
1417 1139 1576 1205 Gorty
1614 1168 1625 1177 ·
1658 1139 1872 1204 magistro
1904 1139 2125 1190 Johanne
2157 1142 2215 1190 de
2238 1143 2378 1209 Logy
2406 1173 2415 1182 ·

410 1230 518 1278 Ach
569 1239 617 1278 et
661 1228 879 1283 COunach
923 1227 1029 1276 filiis
1081 1227 1232 1294 Alpin
1284 1237 1331 1277 et
1386 1227 1548 1276 multis
1594 1227 1694 1275 aliis
1744 1256 1754 1266 ·
1804 1227 1990 1276 Datum
2037 1231 2166 1295 apud
2212 1231 2416 1280 Insulam

409 1318 655 1372 oeiffarum
684 1318 760 1365 die
792 1317 931 1365 sancti
961 1316 1220 1366 Clementis
1251 1317 1454 1365 martiris
1484 1325 1531 1364 et
1555 1334 1677 1382 pape
1701 1315 1847 1364 Anno
1879 1317 2027 1382 gratie
2056 1318 2290 1373 ‹oillefimo
2314 1327 2417 1369 ccm⁰

409 1408 740 1473 septuagesimo
764 1407 914 1472 primo
939 1432 951 1445 ·

412 1655 638 1720 Donatio
662 1680 709 1719 et
733 1670 863 1736 quita
887 1668 1104 1718 clamatio
1127 1676 1251 1718 terre
1275 1669 1334 1718 de
1354 1669 1633 1717 Drumcrok
1657 1670 1892 1718 canonicis
1918 1697 1930 1708 ·

322 1860 384 1904 45
413 1830 668 1897 Omnibus
710 1847 858 1910 [hoc]
898 1846 1122 1912 scriptum
1160 1845 1321 1894 visuris
1360 1845 1436 1894 vel
1482 1845 1711 1894 audituris
1750 1846 2017 1894 Duncanus
2063 1847 2122 1896 de
2168 1848 2414 1915 COelginch

408 1936 603 1985 salutem
644 1936 694 1983 in
735 1934 927 1983 domino
975 1963 987 1973 ·
1036 1934 1164 1984 Cum
1204 1935 1343 1983 efl'em
1381 1943 1646 1983 conuentus
1686 1935 1746 1982 ab
1785 1935 1955 1983 abbate
1991 1945 2039 1984 et
2079 1947 2319 1986 conuentu
2357 1938 2416 1986 de

410 2024 566 2072 Insula
588 2023 832 2078 COifl'arum
857 2022 1136 2071 auctoritate
1161 2022 1381 2088 judicum
1415 2040 1444 2070 a
1478 2022 1670 2070 domino
1701 2040 1827 2088 papa
1856 2022 2178 2089 delegatorum
2201 2025 2417 2074 videlicet

409 2112 590 2161 domini
630 2111 813 2161 abbatis
851 2111 910 2159 de
947 2110 1279 2159 Abirbrothok
1318 2117 1367 2158 et
1402 2110 1461 2158 de
1498 2109 1620 2162 Coaii
1656 2109 1826 2175 prioris
1864 2120 1911 2159 et
1941 2110 2032 2160 hoc
2059 2130 2144 2178 per
2181 2114 2419 2177 quandam

409 2210 587 2249 cartam
621 2199 769 2266 patris
800 2199 895 2247 mei
925 2216 1011 2264 per
1042 2216 1184 2263 quam
1207 2197 1377 2246 scilicet
1409 2198 1525 2246 dicti
1555 2199 1698 2246 abbas
1731 2208 1777 2246 et
1813 2209 2075 2248 conuentus
2105 2201 2420 2249 vendicabant

408 2288 490 2337 fibi
513 2287 816 2336 medietatem
839 2286 984 2334 totius
1007 2294 1130 2334 terre
1149 2286 1209 2334 de
1232 2286 1509 2334 Drumkroc
1532 2285 1582 2333 in
1599 2286 1824 2352 parochia
1841 2287 1901 2335 de
1924 2287 2169 2354 COelginch
2197 2315 2208 2327 ·
2234 2289 2422 2354 cognita

409 2383 568 2425 autem
602 2375 671 2424 rei
698 2375 896 2424 veritate
926 2374 1091 2423 Deum
1120 2373 1299 2422 habens
1330 2392 1415 2440 pre
1444 2373 1590 2422 oculis
1620 2373 2017 2441 nolens=amplius
2040 2376 2161 2442 ipsos
2183 2376 2420 2424 laboribus

410 2474 458 2513 et
494 2466 705 2530 expensis
741 2464 910 2529 injuste
943 2462 1105 2512 vexari
1136 2462 1399 2527 predictam
1434 2471 1608 2511 terram
1640 2463 1804 2528 sponte
1839 2472 1886 2512 et
1920 2463 2126 2513 absolute
2162 2465 2333 2513 eisdem
2370 2464 2419 2510 in

405 2554 585 2619 judicio
626 2553 833 2617 quietam
868 2550 1068 2600 clamaui
1101 2550 1152 2598 in
1185 2560 1469 2616 perpetuum
1510 2560 1558 2599 et
1592 2552 1625 2598 fi
1658 2550 1773 2616 quid
1800 2551 1921 2615 juris
1958 2552 2112 2617 potuit
2146 2554 2263 2601 mihi
2297 2573 2419 2604 com-

410 2652 571 2710 petere
603 2660 664 2691 ex
693 2641 887 2706 persona
916 2656 1024 2688 mea
1049 2637 1124 2687 vel
1153 2639 1491 2687 antecefl‘orum
1521 2656 1736 2687 meorum
1759 2638 1832 2687 vel
1856 2638 2045 2688 aliunde
2072 2640 2122 2688 in
2146 2641 2272 2690 dicta
2294 2652 2420 2692 terra

410 2733 501 2781 hoc
532 2739 688 2780 totum
718 2728 828 2777 Deo
860 2736 908 2777 et
936 2728 1076 2776 beato
1105 2726 1316 2775 Johanni
1347 2735 1395 2775 et
1426 2727 1564 2775 dictis
1592 2727 1752 2775 abbati
1780 2736 1828 2776 et
1852 2729 2109 2777 conuentui
2132 2729 2182 2776 in
2204 2731 2418 2798 redemp-

410 2822 589 2871 tionem
624 2817 780 2866 anime
813 2833 918 2864 mee
949 2815 1105 2864 vxoris
1140 2823 1188 2863 et
1221 2814 1477 2864 liberorum
1510 2833 1724 2864 meorum
1754 2833 1939 2864 necnon
1968 2833 2055 2882 pro
2087 2818 2246 2866 anima
2271 2820 2419 2885 patris

411 2908 507 2957 mei
546 2915 594 2955 et
632 2904 970 2954 antecefl'orum
1008 2920 1223 2952 meorum
1263 2902 1313 2950 in
1352 2919 1523 2968 puram
1563 2912 1611 2952 et
1650 2913 1929 2969 perpetuam
1969 2903 2264 2955 elemofinam
2309 2907 2422 2956 dedi

412 3006 460 3046 et
492 2996 583 3044 hac
616 2992 819 3060 presenti
854 3001 982 3041 carta
1014 3009 1122 3040 mea
1155 2991 1431 3040 confirmaui
1470 3019 1481 3030 ·
1519 2992 1584 3040 Et
1620 3001 1671 3040 vt
1706 2991 1795 3041 hec
1832 2994 2055 3042 conceffio
2088 2995 2232 3043 robur
2271 2997 2421 3044 firmi-

412 3087 521 3137 tatis
556 3084 767 3152 optineat
803 3083 854 3132 in
891 3090 1176 3149 perpetuum
1211 3080 1324 3129 huic
1359 3081 1528 3145 scripto
1563 3080 1763 3147 sigillum
1799 3099 1959 3131 meum
1993 3101 2087 3132 vna
2123 3101 2230 3133 cum
2266 3085 2422 3152 figillis
