2808 3926
1112 380 1215 428 DE
1260 376 1797 427 INCHAFFERY.
2389 386 2451 432 49

451 543 709 582 conuentus
755 534 867 582 mihi
913 542 962 583 et
1001 534 1201 584 Cristine
1246 534 1404 600 sponse
1441 551 1544 582 mee
1586 543 1633 582 et
1670 532 1922 580 heredibus
1959 534 2075 581 meis
2110 533 2454 585 fraternitatem

451 622 710 687 ‹nonasterij
744 622 809 670 sui
848 623 895 670 in
934 623 1221 671 orationibus
1252 621 1508 670 elemofinis
1546 631 1594 670 et
1624 619 1882 685 martilegio
1913 631 1961 669 et
1989 621 2157 670 ceteris
2193 623 2328 671 bonis
2365 642 2455 689 que

450 709 626 757 fuerint
662 709 944 775 generaliter
988 728 1076 777 pro
1116 710 1427 759 confratribus
1463 710 1622 759 diuine
1670 709 1876 757 caritatis
1917 709 2090 758 intuitu
2137 711 2455 762 concesserunt

451 807 498 846 et
535 797 622 846 hoc
652 799 780 847 idem
807 799 1058 849 heredibus
1092 800 1208 849 meis
1249 802 1280 848 si
1309 799 1555 849 caritatiue
1592 798 1814 864 petierint
1848 800 2166 848 concefl'erunt
2202 827 2214 839 ·
2253 800 2456 850 Conces-

450 886 606 935 serunt
640 887 783 935 etiam
818 888 926 937 dieti
960 889 1103 937 abbas
1138 899 1186 937 et
1220 898 1480 937 conuentus
1509 886 1624 935 mihi
1648 895 1696 934 et
1719 885 1973 935 heredibus
2007 888 2123 935 meis
2155 888 2376 953 quatinus
2404 889 2453 937 in

450 974 516 1021 eis
548 975 613 1022 est
647 975 873 1040 capellam
909 977 1112 1025 nostram
1158 976 1207 1024 in
1242 994 1335 1041 qua
1380 975 1513 1024 nobis
1559 976 1726 1041 poffint
1772 973 1935 1022 diuina
1973 974 2200 1023 celebrari
2239 974 2364 1024 salua
2403 976 2452 1024 in

449 1062 665 1109 omnibus
694 1062 1001 1112 indemnitate
1015 1063 1220 1118 <natricis
1234 1062 1419 1112 ecclefie
1445 1091 1456 1102 ·
1482 1063 1542 1112 In
1556 1065 1689 1129 cujus
1713 1068 1784 1116 rei
1806 1069 2122 1118 testimonium
2146 1069 2255 1119 huic
2280 1070 2452 1137 scripto

448 1147 644 1214 sigillum
675 1166 834 1198 meum
866 1150 1057 1216 apposui
1088 1159 1137 1199 et
1166 1150 1227 1200 ad
1256 1150 1521 1201 instantiam
1543 1170 1697 1205 meam
1720 1155 1917 1220 figillum
1942 1157 2123 1206 comitis
2147 1156 2257 1206 huic
2280 1158 2452 1224 scripto

447 1237 512 1285 est
535 1237 791 1303 appensum
816 1263 828 1277 ο

451 1487 735 1554 Concordia
758 1503 883 1551 inter
905 1502 1124 1551 abbatem
1147 1502 1206 1551 de
1232 1501 1395 1568 Cupro
1419 1511 1467 1550 et
1490 1502 1709 1551 abbatem
1734 1501 1887 1551 Insule
1911 1503 2155 1557 missarum
2181 1532 2193 1544 ·

360 1675 421 1722 49
451 1661 591 1728 Cum
609 1679 734 1727 inter
746 1678 869 1727 viros
884 1677 1118 1743 religiosos
1137 1676 1384 1726 Andream
1399 1678 1495 1726 Dei
1510 1678 1665 1744 gratia
1683 1678 1900 1726 abbatem
1919 1678 1978 1726 de
1998 1678 2160 1744 Cupro
2177 1688 2225 1728 et
2242 1679 2448 1745 ejusdem

443 1766 533 1815 loci
557 1775 843 1814 conuentum
866 1783 924 1814 ex
948 1774 1084 1831 parte
1106 1782 1200 1812 vna
1221 1774 1270 1812 et
1296 1764 1551 1830 Hugonem
1574 1765 1780 1829 ejusdem
1802 1766 1956 1831 gratia
1979 1766 2196 1815 abbatem
2215 1767 2274 1815 de
2294 1766 2449 1815 Insula

443 1854 690 1906 COifl'arum
714 1863 760 1903 et
784 1854 991 1920 ejusdem
1012 1853 1103 1902 loci
1131 1863 1419 1901 conuentum
1446 1871 1507 1902 ex
1534 1853 1686 1902 altera
1712 1854 1902 1902 suborta
1923 1854 2074 1902 fuifl'et
2097 1856 2291 1908 (materia
2313 1857 2447 1920 ques-

444 1944 582 1992 tionis
617 1944 754 2009 super
782 1942 987 2007 quodam
1015 1959 1173 1989 annuo
1207 1941 1395 1990 redditu
1424 1941 1673 1990 duodecim
1703 1941 1927 1990 librarum
1955 1960 2059 1991 cere
2087 1961 2227 2008 quem
2256 1944 2446 2008 quidem

443 2032 681 2080 redditum
705 2031 830 2079 idem
853 2031 996 2078 abbas
1019 2039 1066 2078 et
1089 2038 1351 2078 conuentus
1383 2029 1442 2077 de
1472 2029 1635 2095 Cupro
1664 2029 1746 2077 fibi
1778 2030 2021 2079 annuatim
2045 2030 2206 2079 deberi
2229 2032 2447 2081 dicebant

444 2119 502 2168 de
531 2118 804 2184 quibusdam
828 2117 1043 2165 domibus
1071 2125 1119 2164 et
1154 2116 1293 2165 terris
1326 2116 1420 2165 fitis
1451 2117 1500 2164 in
1523 2116 1632 2165 villa
1665 2117 1724 2165 de
1759 2117 1908 2166 Perth
1936 2135 2051 2182 quas
2079 2119 2296 2184 magister
2323 2119 2446 2167 Wil-

443 2206 609 2255 lelmus
644 2206 864 2253 Dunstan
888 2214 935 2253 et
959 2203 1165 2258 COichael
1194 2204 1343 2252 dietus
1374 2204 1434 2253 de
1458 2203 1728 2252 Inchaffran
1762 2204 1823 2252 ad
1849 2204 2174 2253 feodofirmam
2198 2215 2363 2255 tenent
2385 2207 2445 2255 de

442 2294 563 2342 dieto
587 2293 860 2347 monasterio
883 2292 942 2340 de
968 2291 1124 2340 Insula
1145 2291 1390 2346 missarum
1416 2317 1427 2330 ·
1462 2291 1680 2340 Tandem
1701 2291 1811 2340 licet
1833 2292 2159 2346 (nonasterium
2182 2294 2442 2359 predictum

442 2382 501 2430 de
537 2380 694 2429 Insula
723 2380 968 2434 missarum
998 2378 1227 2444 predictas
1258 2378 1426 2427 domus
1457 2388 1504 2427 et
1535 2388 1688 2428 terras
1718 2379 1778 2427 ab
1800 2378 2065 2443 hujusmodi
2098 2380 2312 2428 redditus
2335 2399 2442 2430 cere

441 2470 720 2536 prestatione
738 2467 904 2516 liberas
924 2476 971 2516 et
988 2467 1220 2515 immunes
1244 2466 1435 2532 triginta
1451 2475 1502 2515 et
1519 2484 1691 2515 nouem
1705 2484 1852 2515 annos
1867 2476 1915 2515 et
1932 2467 2133 2533 amplius
2150 2469 2441 2534 poffedifl'ent

441 2575 495 2606 ac
525 2557 585 2606 de
611 2558 717 2621 jure
748 2554 823 2603 vel
852 2554 1117 2620 poffeffione
1151 2553 1379 2602 dictorum
1411 2552 1591 2601 abbatis
1622 2562 1670 2601 et
1698 2562 1959 2601 conuentus
1991 2553 2050 2601 de
2081 2552 2247 2618 Cupro
2274 2553 2322 2601 in
2350 2553 2439 2603 hac

441 2652 576 2710 parte
599 2641 878 2691 sufficienter
912 2658 1008 2689 non
1041 2640 1240 2705 liquerat
1271 2639 1692 2688 interuenientibus
1729 2648 1888 2688 tamen
1911 2639 2238 2687 communibus
2275 2640 2436 2688 amicis

440 2732 564 2780 inter
598 2739 758 2796 partes
795 2729 913 2794 ipsas
946 2728 1215 2793 hujusmodi
1252 2726 1507 2776 amicabilis
1547 2727 1820 2792 compoficio
1858 2736 1906 2775 et
1944 2725 2150 2791 specialis
2185 2728 2434 2777 conuentio

441 2817 695 2866 interuenit
739 2815 956 2865 videlicet
1001 2816 1128 2881 quod
1171 2815 1342 2882 prefati
1387 2815 1529 2863 abbas
1575 2824 1623 2863 et
1668 2823 1929 2862 conuentus
1966 2813 2025 2862 de
2060 2813 2222 2879 Cupro
2259 2814 2433 2864 dietum

440 2923 651 2955 annuum
684 2905 921 2953 redditum
953 2922 1059 2954 cere
1090 2921 1360 2968 nuncquam
1393 2903 1452 2951 de
1487 2912 1642 2952 cetero
1673 2910 1890 2968 peterent
1917 2901 1991 2950 vel
2021 2911 2182 2967 petere
2209 2911 2433 2967 poterunt

441 2992 633 3059 predicti
671 3009 780 3040 vero
821 2993 962 3040 abbas
999 3001 1047 3041 et
1083 3000 1344 3040 conuentus
1378 2990 1438 3038 de
1472 2988 1628 3038 Insula
1666 2990 1910 3044 miffarum
1945 3007 2031 3055 pro
2065 2990 2190 3038 bono
2223 2989 2352 3055 pacis
2385 3001 2433 3039 et

441 3078 764 3144 redemptione
800 3079 1060 3128 vexationis
1098 3079 1178 3127 sue
1222 3079 1357 3144 super
1401 3077 1588 3126 redditu
1626 3077 1837 3143 predicto
1875 3076 2145 3142 supradictis
2185 3077 2343 3124 abbati
2383 3085 2431 3128 et

2071 3180 2102 3210 o
