2808 3926
433 365 493 409 10
1194 358 1671 409 REGISTRUM

434 514 712 564 animalibus
743 542 754 553 ·
791 524 839 563 et
866 515 1097 563 decimam
1124 514 1271 562 totius
1298 515 1561 563 venationis
1595 515 1749 563 nostre
1784 523 1831 563 et
1859 515 2074 563 omnium
2102 533 2194 580 que
2228 517 2363 565 nobis
2391 517 2440 564 in

435 602 700 651 volucribus
723 611 804 651 aut
826 603 1017 666 piffibus
1040 601 1364 665 alicujusmodi
1387 602 1491 650 cibo
1509 600 1583 650 vel
1606 610 1724 665 potu
1746 602 2053 666 prouenerint
2073 629 2085 641 ·
2103 603 2277 652 vietum
2300 604 2442 653 etiam

436 692 655 741 seruienti
676 692 756 739 suo
779 707 1106 755 quemcunque
1133 689 1216 755 ipfi
1246 690 1485 754 posuerint
1517 690 1570 737 in
1601 689 1755 738 curias
1786 691 1964 738 nostras
1995 691 2057 739 ad
2084 690 2372 756 exigendum
2395 702 2443 741 et

435 778 790 845 percipiendum
814 794 872 825 ex
886 786 1022 843 parte
1047 794 1210 825 eorum
1227 777 1458 843 predi6tas
1482 776 1689 826 decimas
1707 778 1884 826 nostras
1899 777 2106 843 plenarie
2122 774 2442 827 et‘honorifice

436 868 551 915 ficut
573 865 656 913 uni
672 864 979 913 serviencium
1001 865 1264 913 nostrorum
1290 891 1302 904 ·
1332 864 1572 914 licentiam
1596 882 1783 931 quoque
1808 874 1855 914 et
1877 865 2142 915 libertatem
2165 867 2373 932 piscandi
2397 876 2445 915 et

436 953 703 1018 aucupandi
725 970 812 1016 per
835 970 997 1001 omnes
1020 962 1167 1001 terras
1191 959 1240 1001 et
1263 970 1408 1017 aquas
1432 961 1481 1002 et
1501 954 1633 1001 lacus
1656 954 1834 1002 nostros
1858 954 1936 1002 vbi
1964 955 2154 1019 quando
2176 954 2410 1004 voluerint
2432 983 2441 992 ·

436 1050 484 1089 et
516 1040 762 1089 materiem
795 1041 856 1089 ad
887 1040 1070 1089 edificia
1100 1041 1180 1089 sua
1213 1050 1261 1090 et
1294 1041 1356 1089 ad
1384 1059 1548 1090 omnes
1578 1041 1692 1090 alios
1724 1042 1829 1090 vsus
1859 1043 1964 1091 suos
1995 1052 2043 1091 et
2073 1043 2363 1109 paffnagium
2396 1052 2443 1091 et

435 1128 630 1178 cortices
654 1138 702 1178 et
723 1129 852 1196 ligna
875 1129 936 1178 ad
962 1130 1147 1195 pastum
1170 1129 1293 1196 ignis
1320 1130 1371 1178 in
1401 1129 1526 1178 filuis
1557 1131 1726 1179 nostris
1756 1131 1836 1179 vbi
1866 1131 2102 1181 voluerint
2133 1141 2181 1181 et
2212 1141 2442 1198 quantum

432 1219 515 1267 fibi
547 1219 686 1267 suerit
719 1219 779 1267 de
812 1218 904 1267 hiis
937 1218 1127 1285 fingulis
1159 1219 1463 1268 necessarium
1502 1248 1512 1259 -
1559 1220 1667 1268 Hec
1704 1220 1848 1286 igitur
1885 1221 2042 1269 omnia
2071 1221 2176 1270 volo
2209 1231 2442 1287 quatenus

433 1307 629 1373 prediciti
660 1307 875 1356 canonici
903 1316 1098 1357 teneant
1126 1317 1174 1356 et
1202 1308 1463 1374 postideant
1491 1309 1550 1358 de
1580 1327 1658 1358 me
1686 1318 1734 1358 et
1765 1309 2019 1359 heredibus
2047 1311 2163 1360 meis
2194 1311 2243 1359 in
2274 1330 2442 1377 puram

434 1405 482 1445 et
513 1406 791 1462 perpetuam
825 1396 1110 1445 elimofinam
1144 1396 1211 1446 ita
1249 1396 1395 1445 libere
1432 1406 1479 1446 et
1516 1397 1672 1462 quiete
1709 1397 1921 1463 plenarie
1953 1408 2001 1447 et
2035 1399 2293 1449 honorifice
2327 1403 2441 1449 ficut

431 1484 588 1550 aliqua
610 1484 846 1534 elimofina
867 1486 921 1533 in
954 1494 1055 1535 toto
1076 1503 1225 1551 regno
1246 1484 1437 1534 liberius
1469 1485 1672 1551 quietius
1701 1486 1940 1553 plenarius
1975 1497 2023 1537 et
2053 1489 2441 1539 honorificentius

433 1582 623 1622 tenetur
645 1583 690 1622 et
714 1574 969 1639 poffidetur
993 1601 1005 1614 ·
1041 1574 1264 1622 Preterea
1287 1575 1483 1622 conceffi
1515 1574 1689 1623 eisdem
1711 1575 1947 1624 canonicis
1981 1585 2028 1624 et
2055 1576 2144 1625 hac
2171 1587 2298 1626 carta
2332 1596 2438 1627 mea

433 1660 758 1709 confirmando
782 1660 1061 1709 confirmaui
1082 1669 1315 1725 quatenus
1339 1678 1427 1709 nec
1451 1679 1539 1727 ego
1568 1679 1656 1710 nec
1679 1661 1846 1727 aliquis
1877 1663 2105 1712 heredum
2136 1683 2352 1713 meorum
2381 1667 2440 1714 de

431 1759 589 1799 cetero
613 1750 906 1799 conferemus
929 1749 1084 1814 aliquo
1106 1749 1249 1798 modo
1270 1748 1347 1798 vel
1369 1750 1430 1798 ad
1451 1751 1636 1799 firmam
1659 1751 2005 1801 committemus
2040 1762 2212 1802 terram
2234 1754 2438 1820 aliquam

433 1839 508 1888 vel
529 1839 850 1903 pofl'eflionem
872 1838 1011 1887 alicui
1033 1838 1116 1885 nifi
1138 1837 1274 1886 saluis
1303 1838 1369 1887 eis
1397 1838 1456 1887 de
1480 1839 1646 1888 eadem
1679 1847 1807 1889 terra
1827 1840 1903 1889 vel
1932 1842 2199 1906 pofi'effione
2223 1845 2441 1892 omnibus

432 1927 791 1977 restitudinibus
815 1945 907 1992 que
930 1927 996 1976 eis
1020 1927 1136 1975 dum
1159 1928 1314 1976 nostro
1335 1937 1470 1977 erant
1500 1929 1710 1978 dominio
1728 1930 1899 1979 exinde
1922 1930 2216 1980 debebantur
2231 1933 2307 1982 vel
2329 1934 2443 1981 dum

434 2032 520 2064 nos
545 2016 715 2064 exinde
741 2015 919 2081 aliquid
946 2015 1251 2082 contingebat
1285 2044 1295 2055 ·
1334 2016 1498 2074 Quare
1525 2019 1558 2066 fi
1590 2018 1695 2083 quis
1726 2018 1931 2084 aliquam
1960 2029 2123 2069 contra
2154 2039 2233 2070 eos
2265 2032 2446 2071 cartam

436 2103 764 2152 monstrauerit
799 2122 859 2152 ne
899 2106 980 2170 jus
1025 2105 1159 2152 suum
1197 2104 1448 2154 vendicare
1483 2105 1558 2154 vel
1598 2106 1786 2171 exigere
1827 2107 2030 2156 debeant
2070 2126 2174 2157 eam
2215 2120 2446 2174 quantum

436 2192 497 2240 ad
525 2192 616 2240 hoc
648 2192 866 2241 testificor
901 2193 990 2241 efl'e
1024 2193 1286 2241 cassandam
1323 2220 1334 2231 ·
1372 2195 1498 2241 facta
1533 2195 1597 2242 est
1635 2195 1828 2244 donatio
1865 2213 1990 2244 anno
2026 2198 2176 2263 gratie
2211 2198 2446 2253 soillefimo

440 2288 541 2331 ccm⁰
574 2282 682 2329 Hiis
710 2281 903 2330 testibus
927 2281 958 2330 J
961 2281 1146 2330 ohanne
1170 2281 1402 2347 Episcopo
1426 2282 1752 2332 Dunkeldenfi
1782 2311 1794 2322 ·
1825 2285 2031 2334 Jonatha
2056 2287 2286 2353 Episcopo
2309 2289 2447 2337 Dun-

439 2371 643 2419 blanenfi
668 2397 678 2407 ·
706 2370 972 2418 Rainbaldo
1000 2370 1191 2419 Abbate
1206 2371 1266 2419 de
1287 2370 1443 2419 Scona
1468 2397 1479 2409 ·
1506 2371 1730 2420 comitifl‘a
1747 2372 1952 2426 matilda
1975 2374 2034 2422 de
2052 2374 2282 2442 Aubigny
2304 2395 2447 2426 vxore

442 2477 548 2508 mea
587 2486 597 2497 ·
639 2457 822 2514 COalifio
854 2458 998 2506 fratre
1031 2475 1137 2506 meo
1175 2486 1185 2496 ·
1227 2457 1465 2507 Willelmo
1490 2467 1537 2507 et
1560 2459 1760 2508 Ferteth
1783 2460 1891 2508 filiis
1927 2461 2044 2510 meis
2081 2489 2091 2498 ·
2130 2463 2320 2512 domino
2346 2464 2409 2511 W
2436 2494 2445 2503 ·

443 2545 666 2594 canonico
689 2545 749 2593 de
769 2544 925 2593 Scona
944 2571 955 2583 ·
978 2544 1188 2594 Gillenes
1213 2544 1473 2594 Seneseallo
1495 2563 1601 2595 meo
1629 2573 1639 2584 ·
1666 2546 1974 2597 Constantino
1999 2549 2169 2598 Judice
2196 2579 2205 2589 ·
2233 2550 2448 2600 Anechol

443 2635 604 2684 thaino
628 2651 734 2682 meo
757 2633 818 2681 de
841 2632 1030 2699 Dunyn
1058 2661 1068 2674 ι
1094 2642 1141 2682 et
1163 2632 1325 2681 multis
1349 2633 1450 2682 aliis
1476 2662 1487 2673 ·
