2756 3926
1325 995 1427 1058 IV.

628 1225 915 1273 CARTAE
955 1225 1457 1276 REGENTIORES
1494 1227 1591 1276 DE
1633 1228 2114 1278 INCHAFFERY.

1108 1599 1186 1640 EX
1217 1599 1651 1642 AUTOGRAPHIS.

371 1765 434 1806 De
457 1764 632 1806 licencia
653 1765 841 1820 piscandi
862 1780 938 1820 pro
959 1765 1158 1821 anguillis
1178 1766 1222 1807 in
1244 1766 1481 1822 Polpefery.

320 1931 345 1972 1
369 1923 581 1965 Robertus
603 1925 763 1965 Mersar
782 1923 835 1965 de
857 1924 1130 1980 Inuerpefery
1152 1957 1160 1966 .
1187 1955 1206 1966 ,v
1220 1957 1229 1966 .
1253 1925 1291 1966 Ν
1295 1925 1433 1967 cuerit
1448 1925 1698 1967 vniuersitas
1718 1934 1857 1968 vestra
1876 1940 1942 1969 me
1964 1958 1973 1967 .
1995 1957 2005 1967 .
2030 1958 2038 1968 .
2062 1941 2157 1968 cum
2178 1941 2383 1969 consensu

368 2010 412 2043 et
427 2016 601 2044 assensu
622 2001 852 2044 Alexandri
871 2003 1034 2045 Mersar
1054 2002 1219 2045 heredis
1238 2003 1321 2045 mei
1340 2009 1385 2046 et
1410 2018 1505 2046 cum
1532 2017 1739 2047 consensu
1759 2010 1803 2047 et
1829 2019 2003 2047 assensu
2026 2006 2195 2048 Andree
2224 2007 2386 2048 Mersar

315 2082 421 2130 >de
452 2081 716 2137 Inchebreky
746 2081 947 2124 auunculi
976 2082 1058 2124 mei
1087 2082 1156 2124 cui
1185 2082 1298 2125 dicte
1328 2089 1437 2125 terre
1466 2083 1519 2124 de
1552 2082 1816 2139 Inchebreky
1851 2091 1951 2126 sunt
1979 2083 2257 2140 impignorare
2289 2118 2297 2126 .
2331 2118 2340 2125 .
2374 2083 2403 2126 .’

369 2159 533 2202 dedisse
556 2193 564 2202 .
594 2193 603 2202 .
633 2193 642 2202 .
671 2175 746 2216 pro
767 2160 902 2203 salute
923 2165 1062 2204 anime
1082 2176 1175 2204 mee
1194 2169 1239 2204 et
1259 2161 1491 2204 animarum
1510 2162 1538 2203 J
1541 2170 1665 2204 onete
1686 2177 1838 2218 sponse
1858 2161 2200 2205 mee‘Alexandri
2221 2164 2385 2206 heredis

371 2241 452 2279 mei
473 2239 703 2294 supradicti
724 2247 768 2281 et
787 2239 973 2281 omnium
993 2254 1283 2282 successorum
1304 2254 1490 2282 meorum
1517 2240 1659 2283 abbati
1679 2248 1723 2283 et
1743 2241 1971 2283 conuentui
2002 2242 2146 2284 Insule
2166 2242 2385 2285 missarum

371 2351 380 2359 .
405 2350 413 2359 .
438 2351 446 2359 .
470 2317 688 2360 licenciam
710 2325 957 2374 perpetuam
978 2317 1168 2374 piscandi
1185 2332 1260 2373 per
1274 2332 1392 2360 arcas
1411 2318 1517 2361 retia
1536 2325 1611 2360 aut
1631 2318 1714 2361 alia
1739 2319 2018 2362 instrumenta
2038 2335 2288 2377 quecunque
2310 2336 2385 2377 pro

370 2398 567 2453 anguillis
582 2405 626 2439 et
646 2397 739 2440 aliis
760 2396 946 2453 piscibus
961 2397 1176 2453 capiendis
1196 2396 1432 2439 necessaria
1451 2397 1494 2438 in
1510 2397 1603 2439 loco
1619 2398 1692 2454 qui
1712 2398 1921 2454 wlgariter
1935 2398 2088 2441 dicitur
2104 2399 2145 2455 ly
2161 2400 2384 2457 Polpefery

369 2477 479 2519 infra
498 2477 728 2519 dominium
750 2490 890 2518 meum
910 2475 963 2518 de
983 2475 1162 2531 Dullory
1182 2490 1231 2518 ac
1251 2490 1375 2518 vnam
1395 2475 1463 2518 vel
1482 2476 1625 2532 plures
1644 2490 1762 2519 arcas
1782 2477 1889 2519 retia
1907 2484 1982 2520 aut
2000 2478 2083 2520 alia
2107 2477 2386 2522 instrumenta

305 2597 309 2601 .
369 2572 445 2612 pro
467 2555 708 2598 huiusmodi
728 2555 914 2611 piscibus
935 2553 1138 2596 habendis
1158 2554 1456 2597 conuenientia
1475 2585 1485 2595 .
1508 2587 1517 2596 .
1536 2587 1545 2596 .
1562 2554 1729 2597 locandi
1743 2569 1870 2611 super
1889 2555 1930 2612 ly
1947 2556 2169 2614 Polpefery
2191 2591 2200 2600 .
2222 2574 2385 2602 necnon

370 2643 412 2678 et
442 2644 580 2677 strues
609 2634 819 2690 lignorum
850 2632 1066 2689 congeries
1093 2633 1281 2689 lapidum
1316 2647 1366 2676 ac
1399 2647 1543 2675 muros
1573 2639 1779 2676 terrarum
1805 2634 1986 2677 faciendi
2018 2669 2027 2678 .
2061 2669 2069 2679 .
2103 2670 2112 2679 .
2143 2644 2381 2696 terramque

369 2715 554 2758 fodiendi
575 2730 623 2757 ac
645 2714 806 2770 lapides
826 2712 1044 2756 scindendi
1063 2719 1107 2754 et
1127 2712 1346 2768 optinendi
1367 2727 1494 2769 super
1515 2720 1646 2756 terras
1667 2727 1781 2756 meas
1802 2714 2010 2770 predictas
2029 2716 2082 2758 de
2103 2717 2281 2774 Dullory
2304 2751 2312 2759 .
2337 2751 2346 2760 .
2370 2751 2379 2759 .

369 2813 446 2853 pro
467 2795 776 2839 sustentacione
799 2827 808 2836 .
832 2827 840 2836 .
867 2827 875 2836 .
904 2793 1278 2838 instrumentorum
1295 2807 1371 2849 pro
1392 2800 1569 2849 captura
1587 2793 1870 2850 predictorum
1891 2795 2070 2851 piscium
2095 2828 2105 2838 .
2130 2830 2138 2839 .
2161 2828 2171 2838 .
2203 2798 2381 2853 Insuper

369 2876 405 2918 si
426 2875 644 2930 contingat
663 2889 729 2916 me
745 2880 820 2915 aut
839 2872 1015 2915 heredes
1031 2886 1147 2914 meos
1178 2905 1187 2913 .
1211 2904 1220 2914 .
1242 2902 1253 2913 .
1281 2871 1557 2915 donacionem
1572 2871 1684 2915 dicte
1705 2872 1913 2916 libertatis
1933 2881 1977 2916 et
1996 2874 2170 2918 licencie
2191 2876 2380 2931 piscandi

370 2990 378 2998 .
404 2989 412 2998 .
437 2989 446 2998 .
469 2955 736 3012 aliquatenus
755 2966 951 2995 revocare
972 2951 1113 3007 obligo
1133 2965 1201 2994 me
1221 2951 1396 2994 heredes
1410 2965 1526 2994 meos
1548 2984 1557 2994 .
1581 2984 1590 2994 .
1614 2985 1623 2994 .
1645 2952 1689 2994 in
1709 2960 1879 2996 centum
1899 2953 2016 2996 libris
2035 2955 2191 2997 vsualis
2210 2964 2376 2999 monete

373 3036 520 3079 Scocie
554 3068 563 3077 .
596 3066 606 3076 .
640 3067 648 3076 .
686 3033 831 3076 Eciam
862 3032 956 3074 volo
990 3039 1034 3074 et
1061 3033 1245 3074 concedo
1275 3046 1375 3074 casu
1406 3046 1490 3088 quo
1518 3032 1734 3087 contingat
1764 3047 1830 3075 me
1859 3041 1903 3076 et
1932 3034 2105 3076 heredes
2135 3049 2250 3077 meos
2279 3066 2290 3077 .
2321 3068 2332 3078 .
2362 3068 2374 3077 .
