2756 3926
446 391 507 443 78
1208 388 1686 438 REGISTRUM

444 617 765 685 Confirmatio
788 631 956 681 decani
977 631 1114 695 super
1137 629 1327 679 ecclefia
1349 629 1408 678 de
1431 630 1727 695 COaddirnyn
1751 638 1799 678 et
1822 629 1959 693 super
1981 639 2106 679 terra
2129 631 2187 679 de
2211 631 2409 682 Abthan
2435 661 2447 673 ·

353 814 412 858 81
445 793 699 858 Omnibus
725 807 898 856 Christi
920 775 1139 854 fidelibus
1162 804 1252 853 hoc
1281 805 1506 871 scriptum
1528 804 1690 853 visuris
1712 804 1787 853 vel
1810 804 2042 854 audituris
2069 806 2230 854 Adam
2255 808 2314 856 de
2338 826 2447 874 pre-

439 897 594 945 benda
632 895 837 943 decanus
876 892 1229 942 Dunkeldenfis
1266 901 1315 943 et
1361 894 1567 959 ejusdem
1614 892 1799 942 ecclesie
1839 893 2099 959 capitulum
2143 904 2357 944 eternam
2398 895 2449 944 in

440 984 622 1033 Christo
648 982 841 1031 salutem
871 1010 884 1022 ·
912 982 1159 1031 Noueritis
1194 999 1280 1031 nos
1311 981 1499 1048 plenius
1522 981 1735 1047 inspeffis
1759 982 2082 1031 instrumentis
2107 983 2445 1035 venerabilium

437 1088 625 1144 patrum
664 1077 897 1126 ,Iohannis
937 1077 1078 1143 primi
1119 1077 1315 1125 Ricardi
1361 1077 1394 1126 J
1396 1077 1594 1126 ohannis
1639 1076 1831 1125 secundi
1879 1077 2102 1141 Hugonis
2150 1077 2354 1128 Gilberti
2400 1089 2447 1127 et

437 1167 640 1216 Galfridi
697 1167 1017 1232 episcoporum
1063 1166 1475 1215 Dunkeldenfium
1520 1167 1656 1231 super
1706 1166 2040 1215 donationibus
2085 1169 2446 1217 concefflonibus

435 1255 866 1304 confirmationibus
897 1255 987 1303 suis
1021 1255 1151 1303 facitis
1186 1255 1385 1320 pauperi
1415 1254 1693 1303 monasterio
1731 1255 1790 1303 de
1829 1254 2095 1304 Inchaffran
2129 1257 2256 1320 quod
2291 1256 2447 1305 Insula

435 1344 678 1399 COiffarum
702 1344 874 1392 dicitur
896 1344 1034 1409 super
1057 1343 1244 1392 ecclefia
1266 1343 1325 1391 de
1349 1343 1645 1408 COaddirnyn
1670 1352 1718 1391 et
1740 1343 1877 1409 super
1900 1353 2025 1392 terra
2047 1362 2139 1409 que
2162 1345 2362 1393 Abthan
2386 1346 2444 1394 de

434 1432 695 1497 madirdyn
712 1431 885 1480 dicitur
903 1440 951 1480 et
968 1432 1107 1497 super
1125 1432 1257 1496 quita
1279 1430 1559 1479 clamatione
1582 1431 1641 1479 de
1661 1430 1799 1479 Ohan
1818 1440 1866 1480 et
1884 1432 1943 1480 de
1964 1431 2212 1482 Coneueth
2234 1451 2327 1498 que
2351 1433 2444 1482 cle-

432 1521 516 1569 rici
535 1519 897 1569 Dunkeldenses
916 1520 1178 1585 antiquitus
1195 1519 1437 1586 percipere
1455 1519 1796 1568 consueuerunt
1811 1520 1871 1569 de
1889 1521 2052 1569 eadem
2070 1521 2298 1570 Abthane
2315 1541 2443 1572 mere

432 1608 637 1657 caritatis
660 1607 837 1656 intuitu
860 1608 1088 1656 vnanimo
1111 1608 1285 1656 assensu
1307 1607 1538 1673 predictas
1562 1607 1843 1655 donationes
1862 1609 2169 1657 conceffiones
2193 1610 2442 1658 confirma-

431 1696 581 1744 tiones
605 1684 656 1744 εἰ
676 1695 857 1760 quitam
880 1694 1211 1744 clamationem
1236 1694 1491 1742 conceffiffe
1510 1701 1557 1742 et
1579 1693 1670 1741 hac
1687 1704 1816 1743 carta
1838 1695 1996 1743 nostra
2018 1696 2305 1745 confirmasse
2328 1698 2441 1745 ficut

430 1785 480 1831 in
518 1784 788 1832 memoratis
816 1783 1070 1832 autenticis
1105 1782 1290 1848 plenius
1319 1781 1580 1847 reperimus
1616 1782 1847 1831 contineri
1875 1783 2094 1832 videlicet
2120 1794 2172 1833 vt
2205 1785 2439 1834 ecclesiam

430 1873 490 1921 de
515 1872 810 1938 COaddirdy'rn
829 1872 879 1920 in
895 1868 1395 1937 bonis'temporalibus
1415 1870 1697 1919 omnimodis
1711 1889 1797 1936 pro
1815 1872 1894 1921 sue
1909 1872 2165 1921 voluntatis
2182 1874 2373 1923 arbitrio
2390 1875 2439 1922 in

427 1960 531 2007 vsus
555 1960 658 2007 suos
682 1959 896 2025 proprios
921 1967 1202 2007 conuertant
1227 1986 1238 1997 ·
1261 1957 1478 2006 faciendo
1503 1957 1655 2006 eidem
1674 1958 1860 2007 ecclesie
1882 1977 1967 2025 per
1985 1960 2225 2025 ydoneum
2245 1961 2438 2026 capella-

429 2065 544 2096 num
559 2047 632 2096 vel
648 2049 680 2095 fi
699 2047 951 2095 maluerint
968 2065 1054 2112 per
1071 2046 1277 2111 aliquem
1292 2046 1371 2094 sue
1386 2045 1762 2111 congregationis
1777 2048 2053 2097 canonicum
2070 2049 2291 2098 deseruiri
2304 2049 2438 2098 saluis

427 2129 763 2206 episcopalibus
784 2169 794 2179 ·
814 2149 861 2189 et
879 2140 1137 2206 predictam
1155 2139 1352 2188 Abthan
1371 2156 1478 2187 cum
1498 2139 1717 2187 omnibus
1729 2137 1865 2202 justis
1882 2137 2180 2202 pertinentijs
2197 2137 2287 2186 suis
2302 2147 2437 2187 tene-

426 2239 508 2277 ant
526 2239 574 2277 et
591 2229 849 2293 poffideant
869 2257 879 2267 ·
900 2228 1167 2277 Reddendo
1183 2227 1293 2275 inde
1311 2227 1556 2276 annuatim
1574 2227 1766 2275 domino
1784 2225 1997 2292 episcopo
2011 2225 2337 2275 Dunkeldenfi
2355 2227 2437 2291 qui

424 2317 565 2365 fuerit
587 2334 674 2382 pro
698 2326 912 2382 tempore
942 2334 1029 2382 pro
1054 2315 1183 2365 omni
1214 2315 1456 2364 exaffione
1488 2314 1824 2364 consuetudine
1856 2322 1906 2362 et
1936 2314 2129 2362 seruicio
2160 2313 2352 2363 seculari
2374 2316 2435 2363 ad

424 2405 567 2470 ipsam
590 2405 939 2470 pertinentibus
964 2421 1102 2451 vnam
1126 2404 1459 2452 tantummodo
1488 2391 1691 2458 marcam
1720 2402 1903 2468 argenti
1931 2402 2235 2451 medietatem
2264 2402 2433 2451 scilicet

423 2493 485 2540 ad
519 2493 826 2541 Pentecosten
860 2500 910 2541 et
944 2492 1247 2540 medietatem
1283 2492 1345 2539 ad
1377 2492 1546 2540 festum
1590 2491 1730 2539 sancti
1764 2490 1967 2545 COartini
2014 2517 2025 2528 ·
2075 2489 2255 2546 Quieta
2288 2490 2432 2538 etiam

424 2580 729 2628 clamauimus
748 2590 795 2629 et
812 2580 1069 2629 remifimus
1093 2579 1142 2627 in
1165 2588 1449 2645 perpetuum
1474 2579 1635 2628 abbati
1658 2588 1706 2628 et
1729 2578 1964 2628 canonicis
1982 2578 2151 2643 prefati
2167 2579 2428 2642 monasterij

424 2686 596 2716 canum
619 2679 666 2716 et
690 2675 975 2716 coneuetum
999 2685 1090 2732 que
1113 2667 1271 2716 clerici
1293 2667 1656 2716 Dunkeldenses
1679 2667 1939 2731 antiquitus
1961 2666 2168 2714 solebant
2189 2667 2429 2732 percipere

423 2759 482 2807 de
516 2757 725 2823 predifi'ca
758 2756 954 2805 Abthan
990 2766 1038 2805 et
1073 2765 1228 2804 totum
1267 2758 1347 2820 jus
1382 2765 1430 2805 et
1463 2765 1619 2804 totum
1656 2755 1887 2804 clameum
1924 2755 2051 2820 quod
2089 2772 2175 2803 nos
2213 2755 2291 2804 vel
2326 2757 2428 2805 suc-

423 2847 615 2896 cessores
649 2847 827 2894 nostros
855 2845 1126 2910 contingere
1160 2846 1294 2910 pofflt
1321 2845 1380 2892 de
1404 2845 1570 2893 eadem
1606 2873 1617 2882 ·
1652 2843 1932 2909 recipientes
1964 2860 2043 2892 eos
2072 2843 2121 2890 in
2147 2854 2427 2910 perpetuam

420 2935 764 2984 fraternitatem
799 2943 846 2983 et
881 2933 1065 2982 ecclefie
1106 2934 1258 2981 nostre
1295 2932 1630 2981 beneficiorum
1665 2931 1975 2998 spiritualium
2021 2933 2425 2999 participationem

420 3023 544 3072 salua
562 3023 696 3072 nobis
720 3031 767 3071 et
788 3021 1115 3070 successoribus
1139 3021 1303 3069 nostris
1327 3038 1420 3068 vna
1441 3020 1563 3068 libra
1585 3019 1756 3068 incensi
1784 3020 1845 3068 ad
1867 3020 2157 3086 penticosten
2180 3022 2424 3070 annuatim

419 3114 479 3162 ab
515 3112 686 3162 eisdem
720 3110 1026 3178 persoluenda
1059 3110 1251 3160 nomine
1277 3109 1584 3159 fraternitatis
1618 3109 1766 3175 gratis
1800 3110 2008 3158 conceffa
2044 3137 2056 3149 ·
2093 3111 2152 3158 In
2186 3110 2327 3175 hujus
2358 3113 2424 3160 rei
