2808 3926
476 376 540 422 20
1235 369 1714 420 REGISTRUM

474 544 635 576 meum
651 525 896 592 proprium
913 534 960 573 et
972 526 1088 573 ficut
1111 531 1340 589 patronus
1364 522 1533 571 domus
1557 521 1607 569 in
1630 522 1848 569 omnibus
1866 523 2195 587 prosecuturus
2218 533 2266 573 et
2283 525 2479 591 injurias

472 614 794 663 vindicaturus
817 612 1001 661 causam
1032 628 1196 660 eorum
1222 609 1540 658 manutenebo
1573 617 1620 657 et
1647 609 1892 673 injuriosos
1923 610 1985 657 ad
2015 610 2382 661 satisfaciendum
2413 616 2481 662 eis

471 703 728 752 secundum
749 702 873 768 pofl‘e
895 717 1056 749 meum
1089 698 1403 764 constringam
1426 706 1474 746 et
1507 698 1567 746 ab
1591 697 1656 746 eis
1688 696 1867 745 nullam
1893 715 2060 763 pacem
2082 699 2157 748 vel
2182 703 2480 751 concordiam

473 791 720 840 admittam
743 790 826 837 nifi
850 806 959 837 cum
982 787 1166 836 confilio
1185 786 1387 851 ipsorum
1411 785 1595 834 abbatis
1618 794 1666 835 et
1689 793 1952 834 conuentus
1977 796 2025 836 et
2048 787 2131 835 nifi
2159 788 2294 837 saluis
2319 807 2481 839 eorum

471 879 680 946 plenario
697 879 809 943 jure
832 886 880 925 et
902 876 1080 926 honore
1111 905 1122 915 ·
1157 885 1208 924 vt
1225 875 1314 925 hec
1336 884 1496 924 autem
1519 891 1628 923 mea
1651 876 1874 924 conceffio
1902 884 1949 924 et
1977 876 2271 926 confirmatio
2299 888 2403 927 rata
2434 889 2482 928 et

471 967 739 1017 inconcufl'a
782 974 1059 1032 permaneat
1104 964 1294 1030 presens
1339 962 1563 1027 scriptum
1602 961 1735 1028 sigilli
1774 963 1869 1011 mei
1905 973 1953 1012 et
1992 964 2244 1030 figillorum
2283 966 2481 1031 prediffi

470 1056 647 1105 domini
673 1054 866 1104 Abbrae
890 1053 1092 1120 episcopi
1114 1051 1466 1101 Dunblanenfis
1485 1078 1498 1090 ·
1523 1060 1572 1100 et
1589 1051 1770 1100 domini
1786 1052 2009 1119 Hugonis
2032 1054 2233 1120 episcopi
2257 1054 2482 1104 Dunkel-

469 1146 618 1194 densis
654 1171 666 1184 ·
693 1153 741 1193 et
765 1143 945 1193 domini
970 1142 1191 1208 Hugonis
1224 1141 1428 1190 Abbatis
1452 1141 1510 1189 de
1534 1141 1686 1190 saneto
1713 1140 1926 1190 Seruano
1952 1169 1964 1180 ·
2000 1152 2048 1191 et
2071 1143 2250 1191 domini
2281 1145 2480 1211 ffergufii

467 1233 625 1282 fratris
648 1232 744 1281 mei
770 1260 780 1271 ·
806 1231 888 1298 qui
910 1230 1052 1296 hujus
1075 1231 1214 1279 testes
1232 1230 1338 1278 sunt
1361 1229 1651 1295 appositione
1675 1229 1874 1294 dignum
1898 1230 2015 1278 duxi
2039 1231 2260 1280 roborare
2287 1261 2298 1270 ·

471 1481 566 1548 De
588 1516 705 1565 pace
729 1495 911 1549 domini
929 1495 1075 1562 Regis
1098 1505 1147 1544 et
1170 1495 1230 1544 de
1253 1495 1426 1543 natiuis
1448 1493 1662 1560 fugitiuis
1683 1494 1964 1543 reducendis
1989 1520 2001 1533 ·

385 1684 443 1737 17
471 1660 764 1726 Alexander
786 1673 862 1723 dei
879 1673 1030 1740 gratia
1053 1673 1162 1722 Rex
1187 1672 1460 1722 Scottorum
1483 1671 1704 1721 omnibus
1721 1671 1880 1737 probis
1897 1670 2169 1720 hominibus
2187 1672 2334 1721 totius
2358 1682 2479 1722 terre

468 1766 545 1813 sue
581 1763 776 1813 salutem
810 1762 983 1812 Sciatis
1013 1778 1098 1810 nos
1133 1761 1329 1809 domum
1357 1769 1405 1809 et
1435 1760 1655 1808 abbatem
1695 1769 1743 1809 et
1775 1760 2024 1809 canonicos
2055 1760 2115 1809 de
2147 1761 2399 1828 Inchafray
2432 1774 2479 1811 et

468 1852 683 1902 homines
707 1860 755 1900 et
778 1861 926 1900 terras
949 1859 997 1898 et
1018 1849 1309 1915 poffefliones
1333 1865 1497 1898 eorum
1518 1848 1754 1897 vniuersas
1783 1848 1866 1897 sub
1898 1849 2039 1897 firma
2068 1866 2184 1915 pace
2213 1859 2260 1899 et
2291 1861 2479 1916 protec-

468 1941 598 1990 tione
621 1940 778 1988 nostra
793 1938 916 2004 juste
938 1937 1175 2003 suscepisse
1196 1963 1207 1975 ·
1235 1935 1397 1993 Quare
1419 1935 1724 2001 prohibemus
1739 1935 1938 1985 firmiter
1960 1954 2020 1985 ne
2039 1937 2142 2002 quis
2167 1938 2232 1985 eis
2255 1938 2478 2002 injuriam

469 2028 543 2078 vel
566 2026 825 2077 molestiam
847 2035 929 2074 aut
952 2042 1210 2091 grauamen
1232 2023 1424 2088 aliquod
1449 2024 1619 2088 injuste
1642 2023 1815 2072 inferre
1841 2024 2079 2089 presumat
2112 2025 2250 2090 super
2272 2027 2478 2075 nostram

469 2117 726 2183 plenariam
761 2114 1093 2164 foriffaauram
1130 2142 1142 2152 ·
1177 2113 1478 2162 conceffimus
1515 2112 1659 2162 etiam
1689 2112 1911 2178 predictis
1947 2103 2131 2162 Abbati
2162 2123 2211 2163 et
2242 2115 2478 2165 canonicis

468 2207 735 2271 ubicunque
780 2203 996 2253 inuenire
1039 2211 1265 2268 poterunt
1301 2211 1437 2251 extra
1483 2201 1692 2251 dominia
1738 2202 1894 2251 nostra
1932 2203 2121 2251 natiuos
2161 2214 2208 2252 et
2253 2204 2478 2271 fugitiuos

468 2295 682 2344 homines
716 2294 819 2342 suos
859 2292 943 2357 qui
981 2291 1049 2340 sui
1086 2292 1145 2340 de
1180 2291 1363 2340 ratione
1403 2291 1490 2340 efl'e
1530 2291 1707 2340 debent
1750 2308 1832 2340 eos
1873 2291 1999 2356 juste
2034 2290 2241 2342 habeant
2282 2303 2329 2342 et
2364 2312 2477 2360 pro-

468 2384 685 2433 hibemus
718 2382 915 2430 firmiter
948 2399 1010 2430 ne
1043 2381 1148 2446 quis
1178 2397 1257 2430 eos
1289 2380 1356 2430 eis
1385 2380 1554 2446 injuste
1589 2380 1801 2429 detinere
1835 2380 2071 2446 presumat
2103 2381 2241 2446 super
2272 2384 2476 2432 nostram

470 2472 731 2539 plenariam
779 2470 1113 2520 forisfacturam
1164 2497 1176 2509 ·
1231 2469 1453 2518 Testibus
1499 2469 1689 2518 Thema
1734 2469 1794 2518 de
1842 2468 2092 2535 Striuilly'm
2147 2471 2476 2523 archidiacono

473 2561 744 2627 Glasguenfi
780 2587 790 2598 ·
828 2558 1040 2607 Henrico
1075 2558 1134 2606 de
1158 2557 1327 2607 Balliol
1355 2558 1610 2607 camerario
1643 2585 1658 2627 .‘
1695 2558 1824 2623 apud
1855 2556 2122 2623 Striuyllyn
2160 2587 2169 2596 ·
2206 2570 2374 2610 octauo
2398 2562 2474 2610 die

470 2652 502 2702 J
505 2650 606 2700 unii
627 2665 751 2699 anno
773 2647 908 2714 regni
929 2646 1074 2696 nostri
1095 2645 1344 2695 vndecimo
1370 2674 1382 2686 ·
