<?xml version="1.0" encoding="UTF-8"?>
<!DOCTYPE html PUBLIC "-//W3C//DTD XHTML 1.0 Transitional//EN"
    "http://www.w3.org/TR/xhtml1/DTD/xhtml1-transitional.dtd">
<html xmlns="http://www.w3.org/1999/xhtml" xml:lang="en" lang="en">
 <head>
  <title>
</title>
<meta http-equiv="Content-Type" content="text/html;charset=utf-8" />
  <meta name='ocr-system' content='tesseract 3.04.00' />
  <meta name='ocr-capabilities' content='ocr_page ocr_carea ocr_par ocr_line ocrx_word'/>
</head>
<body>
  <div class='ocr_page' id='page_1' title='image "./liberinsulemissa85inchuoft_0200.png"; bbox 0 0 2756 3926; ppageno 0'>
   <div class='ocr_carea' id='block_1_1' title="bbox 387 366 1781 412">
    <p class='ocr_par' dir='ltr' id='par_1_1' title="bbox 387 366 1781 412">
     <span class='ocr_line' id='line_1_1' title="bbox 387 366 1781 412; baseline 0.004 -6"><span class='ocrx_word' id='word_1_1' title='bbox 387 366 471 408; x_wconf 89' lang='lat'>120</span> <span class='ocrx_word' id='word_1_2' title='bbox 1003 367 1265 411; x_wconf 87' lang='lat' dir='ltr'>CARTAE</span> <span class='ocrx_word' id='word_1_3' title='bbox 1304 368 1781 412; x_wconf 85' lang='lat' dir='ltr'><strong>RECENTIORES</strong></span> 
     </span>
    </p>
   </div>
   <div class='ocr_carea' id='block_1_2' title="bbox 385 500 2404 794">
    <p class='ocr_par' dir='ltr' id='par_1_2' title="bbox 385 500 2404 794">
     <span class='ocr_line' id='line_1_2' title="bbox 385 500 2404 560; baseline 0.003 -19"><span class='ocrx_word' id='word_1_4' title='bbox 385 501 599 556; x_wconf 87' lang='lat' dir='ltr'>imponere</span> <span class='ocrx_word' id='word_1_5' title='bbox 622 514 697 542; x_wconf 87' lang='lat' dir='ltr'>seu</span> <span class='ocrx_word' id='word_1_6' title='bbox 717 500 855 542; x_wconf 89' lang='lat' dir='ltr'>locare</span> <span class='ocrx_word' id='word_1_7' title='bbox 885 515 1023 543; x_wconf 87' lang='lat' dir='ltr'>arcam</span> <span class='ocrx_word' id='word_1_8' title='bbox 1049 501 1118 543; x_wconf 94' lang='lat' dir='ltr'>uel</span> <span class='ocrx_word' id='word_1_9' title='bbox 1145 515 1262 543; x_wconf 88' lang='lat' dir='ltr'>arcas</span> <span class='ocrx_word' id='word_1_10' title='bbox 1282 507 1373 543; x_wconf 88' lang='lat' dir='ltr'>rete</span> <span class='ocrx_word' id='word_1_11' title='bbox 1401 506 1476 543; x_wconf 89' lang='lat' dir='ltr'>aut</span> <span class='ocrx_word' id='word_1_12' title='bbox 1501 500 1609 543; x_wconf 83' lang='lat' dir='ltr'>retia</span> <span class='ocrx_word' id='word_1_13' title='bbox 1630 516 1706 544; x_wconf 86' lang='lat' dir='ltr'>seu</span> <span class='ocrx_word' id='word_1_14' title='bbox 1726 501 1810 544; x_wconf 87' lang='lat' dir='ltr'>alia</span> <span class='ocrx_word' id='word_1_15' title='bbox 1839 517 2091 560; x_wconf 83' lang='lat' dir='ltr'><strong>quecunque</strong></span> <span class='ocrx_word' id='word_1_16' title='bbox 2123 503 2404 547; x_wconf 82' lang='lat' dir='ltr'>instrumenta</span> 
     </span>
     <span class='ocr_line' id='line_1_3' title="bbox 385 578 2404 639; baseline 0.002 -18"><span class='ocrx_word' id='word_1_17' title='bbox 385 579 438 621; x_wconf 91' lang='lat' dir='ltr'>ad</span> <span class='ocrx_word' id='word_1_18' title='bbox 458 579 596 635; x_wconf 85' lang='lat' dir='ltr'>pisces</span> <span class='ocrx_word' id='word_1_19' title='bbox 617 578 842 635; x_wconf 83' lang='lat' dir='ltr'>capiendos</span> <span class='ocrx_word' id='word_1_20' title='bbox 862 579 905 620; x_wconf 92' lang='lat' dir='ltr'>in</span> <span class='ocrx_word' id='word_1_21' title='bbox 926 579 1115 634; x_wconf 87' lang='lat' dir='ltr'>predicto</span> <span class='ocrx_word' id='word_1_22' title='bbox 1135 579 1230 621; x_wconf 88' lang='lat' dir='ltr'>loco</span> <span class='ocrx_word' id='word_1_23' title='bbox 1249 579 1302 621; x_wconf 91' lang='lat' dir='ltr'>de</span> <span class='ocrx_word' id='word_1_24' title='bbox 1334 578 1558 635; x_wconf 85' lang='lat' dir='ltr'>Polpefery</span> <span class='ocrx_word' id='word_1_25' title='bbox 1579 580 1693 636; x_wconf 94' lang='lat' dir='ltr'>quod</span> <span class='ocrx_word' id='word_1_26' title='bbox 1713 594 1788 635; x_wconf 91' lang='lat' dir='ltr'>pro</span> <span class='ocrx_word' id='word_1_27' title='bbox 1814 587 1916 623; x_wconf 91' lang='lat' dir='ltr'>tunc</span> <span class='ocrx_word' id='word_1_28' title='bbox 1945 580 2108 624; x_wconf 89' lang='lat' dir='ltr'>licitum</span> <span class='ocrx_word' id='word_1_29' title='bbox 2130 583 2185 625; x_wconf 84' lang='lat' dir='ltr'>sit</span> <span class='ocrx_word' id='word_1_30' title='bbox 2203 584 2404 639; x_wconf 85' lang='lat' dir='ltr'><strong>predictis</strong></span> 
     </span>
     <span class='ocr_line' id='line_1_4' title="bbox 385 657 2403 719; baseline 0.002 -18"><span class='ocrx_word' id='word_1_31' title='bbox 385 659 526 701; x_wconf 85' lang='lat' dir='ltr'>abbati</span> <span class='ocrx_word' id='word_1_32' title='bbox 546 665 590 701; x_wconf 92' lang='lat' dir='ltr'>et</span> <span class='ocrx_word' id='word_1_33' title='bbox 610 658 839 701; x_wconf 90' lang='lat' dir='ltr'>conuentui</span> <span class='ocrx_word' id='word_1_34' title='bbox 858 688 869 700; x_wconf 95' lang='lat'><strong><em>.</em></strong></span> <span class='ocrx_word' id='word_1_35' title='bbox 894 688 903 699; x_wconf 93' lang='lat'>.</span> <span class='ocrx_word' id='word_1_36' title='bbox 924 689 934 699; x_wconf 93' lang='lat'>.</span> <span class='ocrx_word' id='word_1_37' title='bbox 956 657 1125 700; x_wconf 88' lang='lat' dir='ltr'>easdem</span> <span class='ocrx_word' id='word_1_38' title='bbox 1146 672 1263 700; x_wconf 87' lang='lat' dir='ltr'>arcas</span> <span class='ocrx_word' id='word_1_39' title='bbox 1283 657 1391 700; x_wconf 88' lang='lat' dir='ltr'>retia</span> <span class='ocrx_word' id='word_1_40' title='bbox 1410 672 1486 700; x_wconf 88' lang='lat' dir='ltr'>seu</span> <span class='ocrx_word' id='word_1_41' title='bbox 1505 658 1786 701; x_wconf 87' lang='lat' dir='ltr'>instrumenta</span> <span class='ocrx_word' id='word_1_42' title='bbox 1805 673 1955 715; x_wconf 84' lang='lat' dir='ltr'>capere</span> <span class='ocrx_word' id='word_1_43' title='bbox 1976 692 1986 702; x_wconf 91' lang='lat'><strong>.</strong></span> <span class='ocrx_word' id='word_1_44' title='bbox 2010 694 2018 703; x_wconf 96' lang='lat'>.</span> <span class='ocrx_word' id='word_1_45' title='bbox 2041 692 2051 702; x_wconf 88' lang='lat'><strong><em>.</em></strong></span> <span class='ocrx_word' id='word_1_46' title='bbox 2074 668 2118 703; x_wconf 91' lang='lat' dir='ltr'>et</span> <span class='ocrx_word' id='word_1_47' title='bbox 2138 662 2191 704; x_wconf 90' lang='lat' dir='ltr'>ad</span> <span class='ocrx_word' id='word_1_48' title='bbox 2212 663 2403 719; x_wconf 88' lang='lat' dir='ltr'>proprios</span> 
     </span>
     <span class='ocr_line' id='line_1_5' title="bbox 385 735 2402 794; baseline 0.001 -14"><span class='ocrx_word' id='word_1_49' title='bbox 385 753 484 780; x_wconf 89' lang='lat' dir='ltr'>vsus</span> <span class='ocrx_word' id='word_1_50' title='bbox 504 737 774 794; x_wconf 87' lang='lat' dir='ltr'>appropriare</span> <span class='ocrx_word' id='word_1_51' title='bbox 807 770 816 779; x_wconf 88' lang='lat'><strong>.</strong></span> <span class='ocrx_word' id='word_1_52' title='bbox 849 770 858 778; x_wconf 92' lang='lat'><strong>.</strong></span> <span class='ocrx_word' id='word_1_53' title='bbox 890 770 899 778; x_wconf 86' lang='lat'><strong><em>.</em></strong></span> <span class='ocrx_word' id='word_1_54' title='bbox 933 736 1022 778; x_wconf 88' lang='lat' dir='ltr'>sine</span> <span class='ocrx_word' id='word_1_55' title='bbox 1053 767 1063 778; x_wconf 88' lang='lat'><strong>.</strong></span> <span class='ocrx_word' id='word_1_56' title='bbox 1095 767 1104 777; x_wconf 92' lang='lat'>.</span> <span class='ocrx_word' id='word_1_57' title='bbox 1138 769 1147 778; x_wconf 95' lang='lat'><strong><em>.</em></strong></span> <span class='ocrx_word' id='word_1_58' title='bbox 1179 735 1436 792; x_wconf 86' lang='lat' dir='ltr'>repeticione</span> <span class='ocrx_word' id='word_1_59' title='bbox 1457 750 1532 792; x_wconf 91' lang='lat' dir='ltr'>per</span> <span class='ocrx_word' id='word_1_60' title='bbox 1552 751 1619 778; x_wconf 91' lang='lat' dir='ltr'>me</span> <span class='ocrx_word' id='word_1_61' title='bbox 1641 737 1706 779; x_wconf 89' lang='lat' dir='ltr'>vel</span> <span class='ocrx_word' id='word_1_62' title='bbox 1738 737 1915 780; x_wconf 87' lang='lat' dir='ltr'>heredes</span> <span class='ocrx_word' id='word_1_63' title='bbox 1942 753 2069 782; x_wconf 90' lang='lat' dir='ltr'>meos.</span> <span class='ocrx_word' id='word_1_64' title='bbox 2132 741 2182 781; x_wconf 92' lang='lat' dir='ltr'>In</span> <span class='ocrx_word' id='word_1_65' title='bbox 2202 740 2322 783; x_wconf 89' lang='lat' dir='ltr'>cuius</span> <span class='ocrx_word' id='word_1_66' title='bbox 2342 741 2402 782; x_wconf 90' lang='lat' dir='ltr'>rei</span> 
     </span>
    </p>
   </div>
   <div class='ocr_carea' id='block_1_3' title="bbox 383 814 2474 1111">
    <p class='ocr_par' dir='ltr' id='par_1_3' title="bbox 386 814 2403 955">
     <span class='ocr_line' id='line_1_6' title="bbox 386 814 2403 871; baseline 0.001 -12"><span class='ocrx_word' id='word_1_67' title='bbox 386 816 669 859; x_wconf 87' lang='lat' dir='ltr'>testimonium</span> <span class='ocrx_word' id='word_1_68' title='bbox 700 815 886 871; x_wconf 87' lang='lat' dir='ltr'>sigillum</span> <span class='ocrx_word' id='word_1_69' title='bbox 912 815 996 857; x_wconf 89' lang='lat' dir='ltr'>mei</span> <span class='ocrx_word' id='word_1_70' title='bbox 1022 814 1198 857; x_wconf 87' lang='lat' dir='ltr'>Roberti</span> <span class='ocrx_word' id='word_1_71' title='bbox 1227 816 1388 857; x_wconf 85' lang='lat' dir='ltr'>Mersar</span> <span class='ocrx_word' id='word_1_72' title='bbox 1407 829 1486 857; x_wconf 89' lang='lat' dir='ltr'>nec</span> <span class='ocrx_word' id='word_1_73' title='bbox 1506 829 1590 858; x_wconf 89' lang='lat' dir='ltr'>non</span> <span class='ocrx_word' id='word_1_74' title='bbox 1611 821 1656 857; x_wconf 90' lang='lat' dir='ltr'>et</span> <span class='ocrx_word' id='word_1_75' title='bbox 1685 815 1869 871; x_wconf 88' lang='lat' dir='ltr'>sigillum</span> <span class='ocrx_word' id='word_1_76' title='bbox 1890 818 2060 860; x_wconf 90' lang='lat' dir='ltr'>Andree</span> <span class='ocrx_word' id='word_1_77' title='bbox 2087 819 2249 861; x_wconf 86' lang='lat' dir='ltr'>Mersar</span> <span class='ocrx_word' id='word_1_78' title='bbox 2269 834 2403 862; x_wconf 89' lang='lat' dir='ltr'>auun-</span> 
     </span>
     <span class='ocr_line' id='line_1_7' title="bbox 386 895 2402 955; baseline 0.002 -17"><span class='ocrx_word' id='word_1_79' title='bbox 386 898 470 938; x_wconf 89' lang='lat' dir='ltr'>culi</span> <span class='ocrx_word' id='word_1_80' title='bbox 490 896 572 943; x_wconf 86' lang='lat' dir='ltr'>mei</span> <span class='ocrx_word' id='word_1_81' title='bbox 599 896 783 952; x_wconf 83' lang='lat' dir='ltr'>presenti</span> <span class='ocrx_word' id='word_1_82' title='bbox 805 902 918 938; x_wconf 88' lang='lat' dir='ltr'>carte</span> <span class='ocrx_word' id='word_1_83' title='bbox 939 909 1031 937; x_wconf 90' lang='lat' dir='ltr'>mee</span> <span class='ocrx_word' id='word_1_84' title='bbox 1053 901 1151 937; x_wconf 83' lang='lat' dir='ltr'>sunt</span> <span class='ocrx_word' id='word_1_85' title='bbox 1182 909 1370 951; x_wconf 87' lang='lat' dir='ltr'>appensa</span> <span class='ocrx_word' id='word_1_86' title='bbox 1397 909 1536 937; x_wconf 88' lang='lat' dir='ltr'>coram</span> <span class='ocrx_word' id='word_1_87' title='bbox 1565 895 1648 938; x_wconf 89' lang='lat' dir='ltr'>hiis</span> <span class='ocrx_word' id='word_1_88' title='bbox 1675 896 1869 939; x_wconf 84' lang='lat' dir='ltr'>testibus.</span> <span class='ocrx_word' id='word_1_89' title='bbox 1929 898 2160 941; x_wconf 88' lang='lat' dir='ltr'>Tristramo</span> <span class='ocrx_word' id='word_1_90' title='bbox 2188 899 2240 941; x_wconf 90' lang='lat' dir='ltr'>de</span> <span class='ocrx_word' id='word_1_91' title='bbox 2269 900 2402 955; x_wconf 86' lang='lat' dir='ltr'>Gorty</span> 
     </span>
    </p>

    <p class='ocr_par' dir='ltr' id='par_1_4' title="bbox 383 973 2474 1111">
     <span class='ocr_line' id='line_1_8' title="bbox 383 973 2474 1035; baseline 0.003 -18"><span class='ocrx_word' id='word_1_92' title='bbox 383 977 412 1017; x_wconf 87' lang='lat' dir='ltr'>J</span> <span class='ocrx_word' id='word_1_93' title='bbox 415 975 578 1017; x_wconf 88' lang='lat' dir='ltr'>ohanne</span> <span class='ocrx_word' id='word_1_94' title='bbox 600 974 823 1031; x_wconf 82' lang='lat' dir='ltr'>Quhytson</span> <span class='ocrx_word' id='word_1_95' title='bbox 843 973 1084 1016; x_wconf 88' lang='lat' dir='ltr'>Alexandro</span> <span class='ocrx_word' id='word_1_96' title='bbox 1103 973 1295 1030; x_wconf 88' lang='lat' dir='ltr'>Cardeny</span> <span class='ocrx_word' id='word_1_97' title='bbox 1315 973 1529 1016; x_wconf 90' lang='lat' dir='ltr'>Willelmo</span> <span class='ocrx_word' id='word_1_98' title='bbox 1560 975 1703 1017; x_wconf 87' lang='lat' dir='ltr'>Bonar</span> <span class='ocrx_word' id='word_1_99' title='bbox 1732 975 1785 1017; x_wconf 93' lang='lat' dir='ltr'>de</span> <span class='ocrx_word' id='word_1_100' title='bbox 1817 976 1947 1032; x_wconf 88' lang='lat' dir='ltr'>Kelty</span> <span class='ocrx_word' id='word_1_101' title='bbox 1967 977 2209 1021; x_wconf 89' lang='lat' dir='ltr'>Alexandro</span> <span class='ocrx_word' id='word_1_102' title='bbox 2241 979 2402 1035; x_wconf 86' lang='lat' dir='ltr'>Scharp</span> <span class='ocrx_word' id='word_1_103' title='bbox 2471 1021 2474 1024; x_wconf 86' lang='lat'>.</span> 
     </span>
     <span class='ocr_line' id='line_1_9' title="bbox 384 1035 2150 1111; baseline 0.002 -14"><span class='ocrx_word' id='word_1_104' title='bbox 384 1056 435 1097; x_wconf 89' lang='lat' dir='ltr'>de</span> <span class='ocrx_word' id='word_1_105' title='bbox 458 1055 629 1111; x_wconf 85' lang='lat' dir='ltr'>Strathy</span> <span class='ocrx_word' id='word_1_106' title='bbox 642 1035 693 1096; x_wconf 51' lang='lat' dir='ltr'>¹et</span> <span class='ocrx_word' id='word_1_107' title='bbox 714 1054 906 1096; x_wconf 88' lang='lat' dir='ltr'>Johanne</span> <span class='ocrx_word' id='word_1_108' title='bbox 930 1053 1040 1095; x_wconf 88' lang='lat' dir='ltr'>Crab</span> <span class='ocrx_word' id='word_1_109' title='bbox 1061 1052 1261 1095; x_wconf 83' lang='lat' dir='ltr'>scutifero</span> <span class='ocrx_word' id='word_1_110' title='bbox 1283 1067 1379 1095; x_wconf 89' lang='lat' dir='ltr'>cum</span> <span class='ocrx_word' id='word_1_111' title='bbox 1400 1053 1544 1095; x_wconf 89' lang='lat' dir='ltr'>multis</span> <span class='ocrx_word' id='word_1_112' title='bbox 1566 1053 1659 1096; x_wconf 83' lang='lat' dir='ltr'>aliis</span> <span class='ocrx_word' id='word_1_113' title='bbox 1681 1055 1736 1096; x_wconf 88' lang='lat'>24</span> <span class='ocrx_word' id='word_1_114' title='bbox 1756 1054 1871 1110; x_wconf 89' lang='lat' dir='ltr'>Junij</span> <span class='ocrx_word' id='word_1_115' title='bbox 1894 1056 2000 1098; x_wconf 89' lang='lat' dir='ltr'>A.D.</span> <span class='ocrx_word' id='word_1_116' title='bbox 2024 1057 2150 1100; x_wconf 85' lang='lat'>1454.</span> 
     </span>
    </p>
   </div>
   <div class='ocr_carea' id='block_1_4' title="bbox 332 1289 2756 2308">
    <p class='ocr_par' dir='ltr' id='par_1_5' title="bbox 332 1289 2756 2308">
     <span class='ocr_line' id='line_1_10' title="bbox 332 1289 2398 1351; baseline 0 -16"><span class='ocrx_word' id='word_1_117' title='bbox 332 1295 359 1336; x_wconf 88' lang='grc'>2</span> <span class='ocrx_word' id='word_1_118' title='bbox 383 1293 509 1336; x_wconf 82' lang='lat' dir='ltr'>Carta</span> <span class='ocrx_word' id='word_1_119' title='bbox 551 1291 850 1334; x_wconf 87' lang='lat' dir='ltr'>feudifirmaria</span> <span class='ocrx_word' id='word_1_120' title='bbox 896 1292 950 1333; x_wconf 93' lang='lat' dir='ltr'>ab</span> <span class='ocrx_word' id='word_1_121' title='bbox 999 1290 1242 1332; x_wconf 82' lang='lat' dir='ltr'>Alexandro</span> <span class='ocrx_word' id='word_1_122' title='bbox 1282 1289 1533 1332; x_wconf 88' lang='lat' dir='ltr'>Atheniensi</span> <span class='ocrx_word' id='word_1_123' title='bbox 1585 1290 1903 1348; x_wconf 84' lang='lat' dir='ltr'>archiepiscopo</span> <span class='ocrx_word' id='word_1_124' title='bbox 1954 1294 2398 1351; x_wconf 87' lang='lat' dir='ltr'>commendatarioque</span> 
     </span>
     <span class='ocr_line' id='line_1_11' title="bbox 382 1368 2399 1428; baseline 0 -14"><span class='ocrx_word' id='word_1_125' title='bbox 382 1378 588 1428; x_wconf 90' lang='lat' dir='ltr'>perpetuo</span> <span class='ocrx_word' id='word_1_126' title='bbox 617 1370 855 1426; x_wconf 85' lang='lat' dir='ltr'>monasterij</span> <span class='ocrx_word' id='word_1_127' title='bbox 887 1369 1031 1412; x_wconf 90' lang='lat' dir='ltr'>Insule</span> <span class='ocrx_word' id='word_1_128' title='bbox 1061 1368 1288 1411; x_wconf 88' lang='lat' dir='ltr'>Missarum</span> <span class='ocrx_word' id='word_1_129' title='bbox 1317 1383 1394 1424; x_wconf 87' lang='lat' dir='ltr'>pro</span> <span class='ocrx_word' id='word_1_130' title='bbox 1425 1375 1541 1412; x_wconf 90' lang='lat' dir='ltr'>certa</span> <span class='ocrx_word' id='word_1_131' title='bbox 1570 1369 1844 1425; x_wconf 84' lang='lat' dir='ltr'>pecuniarum</span> <span class='ocrx_word' id='word_1_132' title='bbox 1875 1386 2040 1414; x_wconf 83' lang='lat' dir='ltr'>summa</span> <span class='ocrx_word' id='word_1_133' title='bbox 2068 1372 2182 1414; x_wconf 87' lang='lat' dir='ltr'>facta</span> <span class='ocrx_word' id='word_1_134' title='bbox 2212 1373 2399 1415; x_wconf 82' lang='lat' dir='ltr'>Johanni</span> 
     </span>
     <span class='ocr_line' id='line_1_12' title="bbox 381 1447 2398 1508; baseline 0 -14"><span class='ocrx_word' id='word_1_135' title='bbox 381 1452 511 1494; x_wconf 87' lang='lat' dir='ltr'>Eldar</span> <span class='ocrx_word' id='word_1_136' title='bbox 530 1466 658 1508; x_wconf 87' lang='lat' dir='ltr'>super</span> <span class='ocrx_word' id='word_1_137' title='bbox 677 1450 799 1493; x_wconf 86' lang='lat' dir='ltr'>terris</span> <span class='ocrx_word' id='word_1_138' title='bbox 820 1449 1049 1505; x_wconf 86' lang='lat' dir='ltr'>vulgariter</span> <span class='ocrx_word' id='word_1_139' title='bbox 1069 1447 1399 1490; x_wconf 89' lang='lat' dir='ltr'>Tullechandich</span> <span class='ocrx_word' id='word_1_140' title='bbox 1419 1447 1578 1490; x_wconf 86' lang='lat' dir='ltr'>vocatis</span> <span class='ocrx_word' id='word_1_141' title='bbox 1602 1448 1842 1504; x_wconf 85' lang='lat' dir='ltr'>jacentibus</span> <span class='ocrx_word' id='word_1_142' title='bbox 1869 1449 1912 1490; x_wconf 91' lang='lat' dir='ltr'>in</span> <span class='ocrx_word' id='word_1_143' title='bbox 1941 1450 2114 1493; x_wconf 89' lang='lat' dir='ltr'>baronia</span> <span class='ocrx_word' id='word_1_144' title='bbox 2141 1451 2193 1493; x_wconf 90' lang='lat' dir='ltr'>de</span> <span class='ocrx_word' id='word_1_145' title='bbox 2215 1451 2398 1508; x_wconf 86' lang='lat' dir='ltr'>Cairdny</span> 
     </span>
     <span class='ocr_line' id='line_1_13' title="bbox 383 1526 2398 1586; baseline -0.001 -12"><span class='ocrx_word' id='word_1_146' title='bbox 383 1531 614 1574; x_wconf 85' lang='lat' dir='ltr'>Reddendo</span> <span class='ocrx_word' id='word_1_147' title='bbox 649 1528 867 1572; x_wconf 84' lang='lat' dir='ltr'>annuatim</span> <span class='ocrx_word' id='word_1_148' title='bbox 907 1527 1039 1570; x_wconf 89' lang='lat' dir='ltr'>veteri</span> <span class='ocrx_word' id='word_1_149' title='bbox 1077 1527 1198 1568; x_wconf 91' lang='lat' dir='ltr'>firma</span> <span class='ocrx_word' id='word_1_150' title='bbox 1237 1526 1278 1568; x_wconf 93' lang='lat' dir='ltr'>in</span> <span class='ocrx_word' id='word_1_151' title='bbox 1321 1526 1543 1582; x_wconf 86' lang='lat' dir='ltr'>pecuniam</span> <span class='ocrx_word' id='word_1_152' title='bbox 1584 1534 1843 1570; x_wconf 87' lang='lat' dir='ltr'>commutata</span> <span class='ocrx_word' id='word_1_153' title='bbox 1877 1543 2083 1571; x_wconf 88' lang='lat' dir='ltr'>summam</span> <span class='ocrx_word' id='word_1_154' title='bbox 2119 1530 2398 1586; x_wconf 86' lang='lat' dir='ltr'>quadraginta</span> 
     </span>
     <span class='ocr_line' id='line_1_14' title="bbox 379 1606 2396 1663; baseline -0 -10"><span class='ocrx_word' id='word_1_155' title='bbox 379 1611 607 1653; x_wconf 90' lang='lat' dir='ltr'>solidorum</span> <span class='ocrx_word' id='word_1_156' title='bbox 642 1609 878 1652; x_wconf 89' lang='lat' dir='ltr'>invehendo</span> <span class='ocrx_word' id='word_1_157' title='bbox 905 1607 1037 1658; x_wconf 84' lang='lat' dir='ltr'>etiam</span> <span class='ocrx_word' id='word_1_158' title='bbox 1075 1606 1293 1648; x_wconf 85' lang='lat' dir='ltr'>annuatim</span> <span class='ocrx_word' id='word_1_159' title='bbox 1328 1606 1380 1648; x_wconf 87' lang='lat' dir='ltr'>ad</span> <span class='ocrx_word' id='word_1_160' title='bbox 1415 1607 1715 1649; x_wconf 84' lang='lat' dir='ltr'>monasterium</span> <span class='ocrx_word' id='word_1_161' title='bbox 1747 1607 1923 1663; x_wconf 88' lang='lat' dir='ltr'>triginta</span> <span class='ocrx_word' id='word_1_162' title='bbox 1955 1609 2059 1650; x_wconf 86' lang='lat' dir='ltr'>duas</span> <span class='ocrx_word' id='word_1_163' title='bbox 2094 1609 2150 1651; x_wconf 92' lang='lat' dir='ltr'>lie</span> <span class='ocrx_word' id='word_1_164' title='bbox 2185 1611 2396 1653; x_wconf 84' lang='lat' dir='ltr'>meterelis</span> 
     </span>
     <span class='ocr_line' id='line_1_15' title="bbox 379 1685 2397 1746; baseline 0 -13"><span class='ocrx_word' id='word_1_165' title='bbox 379 1698 571 1746; x_wconf 87' lang='lat' dir='ltr'>petarum</span> <span class='ocrx_word' id='word_1_166' title='bbox 602 1696 645 1733; x_wconf 90' lang='lat' dir='ltr'>et</span> <span class='ocrx_word' id='word_1_167' title='bbox 666 1704 742 1746; x_wconf 90' lang='lat' dir='ltr'>pro</span> <span class='ocrx_word' id='word_1_168' title='bbox 773 1687 961 1745; x_wconf 89' lang='lat' dir='ltr'>qualibet</span> <span class='ocrx_word' id='word_1_169' title='bbox 990 1692 1175 1729; x_wconf 84' lang='lat' dir='ltr'>marcata</span> <span class='ocrx_word' id='word_1_170' title='bbox 1194 1685 1400 1728; x_wconf 85' lang='lat' dir='ltr'>dictarum</span> <span class='ocrx_word' id='word_1_171' title='bbox 1430 1693 1634 1729; x_wconf 86' lang='lat' dir='ltr'>terrarum</span> <span class='ocrx_word' id='word_1_172' title='bbox 1654 1701 1782 1729; x_wconf 89' lang='lat' dir='ltr'>vnum</span> <span class='ocrx_word' id='word_1_173' title='bbox 1813 1702 1919 1730; x_wconf 90' lang='lat' dir='ltr'>onus</span> <span class='ocrx_word' id='word_1_174' title='bbox 1938 1688 2066 1744; x_wconf 89' lang='lat' dir='ltr'>vulgo</span> <span class='ocrx_word' id='word_1_175' title='bbox 2091 1704 2171 1732; x_wconf 74' lang='lat' dir='ltr'>cmc</span> <span class='ocrx_word' id='word_1_176' title='bbox 2193 1691 2291 1732; x_wconf 73' lang='lat' dir='ltr'>hors</span> <span class='ocrx_word' id='word_1_177' title='bbox 2310 1691 2397 1733; x_wconf 67' lang='lat' dir='ltr'>lade</span> 
     </span>
     <span class='ocr_line' id='line_1_16' title="bbox 377 1767 2395 1824; baseline -0 -9"><span class='ocrx_word' id='word_1_178' title='bbox 377 1772 554 1815; x_wconf 90' lang='lat' dir='ltr'>cementi</span> <span class='ocrx_word' id='word_1_179' title='bbox 586 1771 676 1814; x_wconf 90' lang='lat' dir='ltr'>siue</span> <span class='ocrx_word' id='word_1_180' title='bbox 712 1770 838 1813; x_wconf 89' lang='lat' dir='ltr'>calcis</span> <span class='ocrx_word' id='word_1_181' title='bbox 873 1775 916 1811; x_wconf 89' lang='lat' dir='ltr'>et</span> <span class='ocrx_word' id='word_1_182' title='bbox 954 1783 1084 1810; x_wconf 89' lang='lat' dir='ltr'>vnum</span> <span class='ocrx_word' id='word_1_183' title='bbox 1118 1767 1253 1810; x_wconf 87' lang='lat' dir='ltr'>simile</span> <span class='ocrx_word' id='word_1_184' title='bbox 1288 1782 1394 1810; x_wconf 87' lang='lat' dir='ltr'>onus</span> <span class='ocrx_word' id='word_1_185' title='bbox 1428 1768 1667 1824; x_wconf 85' lang='lat' dir='ltr'>tegularum</span> <span class='ocrx_word' id='word_1_186' title='bbox 1701 1769 1755 1812; x_wconf 82' lang='lat' dir='ltr'>ad</span> <span class='ocrx_word' id='word_1_187' title='bbox 1788 1770 2088 1813; x_wconf 87' lang='lat' dir='ltr'>monasterium</span> <span class='ocrx_word' id='word_1_188' title='bbox 2118 1778 2163 1814; x_wconf 90' lang='lat' dir='ltr'>et</span> <span class='ocrx_word' id='word_1_189' title='bbox 2196 1772 2395 1815; x_wconf 88' lang='lat' dir='ltr'>ecclesias</span> 
     </span>
     <span class='ocr_line' id='line_1_17' title="bbox 375 1847 2394 1895; baseline 0 -1"><span class='ocrx_word' id='word_1_190' title='bbox 375 1853 563 1895; x_wconf 89' lang='lat' dir='ltr'>eiusdem</span> <span class='ocrx_word' id='word_1_191' title='bbox 582 1853 727 1895; x_wconf 87' lang='lat' dir='ltr'>fenum</span> <span class='ocrx_word' id='word_1_192' title='bbox 759 1858 900 1892; x_wconf 84' lang='lat' dir='ltr'>autem</span> <span class='ocrx_word' id='word_1_193' title='bbox 932 1849 975 1891; x_wconf 91' lang='lat' dir='ltr'>in</span> <span class='ocrx_word' id='word_1_194' title='bbox 1006 1848 1176 1890; x_wconf 87' lang='lat' dir='ltr'>modum</span> <span class='ocrx_word' id='word_1_195' title='bbox 1211 1847 1382 1890; x_wconf 88' lang='lat' dir='ltr'>solitum</span> <span class='ocrx_word' id='word_1_196' title='bbox 1413 1855 1457 1890; x_wconf 89' lang='lat' dir='ltr'>et</span> <span class='ocrx_word' id='word_1_197' title='bbox 1489 1857 1737 1891; x_wconf 89' lang='lat' dir='ltr'>consuetum</span> <span class='ocrx_word' id='word_1_198' title='bbox 1767 1881 1777 1892; x_wconf 87' lang='lat'><strong>.</strong></span> <span class='ocrx_word' id='word_1_199' title='bbox 1808 1850 1993 1893; x_wconf 85' lang='lat' dir='ltr'>brasium</span> <span class='ocrx_word' id='word_1_200' title='bbox 2022 1851 2076 1893; x_wconf 89' lang='lat' dir='ltr'>ad</span> <span class='ocrx_word' id='word_1_201' title='bbox 2107 1851 2394 1894; x_wconf 87' lang='lat' dir='ltr'>molendinum</span> 
     </span>
     <span class='ocr_line' id='line_1_18' title="bbox 375 1928 2393 1989; baseline 0 -14"><span class='ocrx_word' id='word_1_202' title='bbox 375 1933 582 1989; x_wconf 89' lang='lat' dir='ltr'>portando</span> <span class='ocrx_word' id='word_1_203' title='bbox 604 1966 613 1974; x_wconf 93' lang='lat'>.</span> <span class='ocrx_word' id='word_1_204' title='bbox 635 1939 679 1974; x_wconf 90' lang='lat' dir='ltr'>et</span> <span class='ocrx_word' id='word_1_205' title='bbox 705 1946 781 1988; x_wconf 93' lang='lat' dir='ltr'>pro</span> <span class='ocrx_word' id='word_1_206' title='bbox 810 1929 1067 1987; x_wconf 90' lang='lat' dir='ltr'>quibuslibet</span> <span class='ocrx_word' id='word_1_207' title='bbox 1094 1928 1259 1970; x_wconf 84' lang='lat' dir='ltr'>duobus</span> <span class='ocrx_word' id='word_1_208' title='bbox 1282 1928 1477 1970; x_wconf 85' lang='lat' dir='ltr'>marcatis</span> <span class='ocrx_word' id='word_1_209' title='bbox 1502 1928 1709 1972; x_wconf 87' lang='lat' dir='ltr'>dictarum</span> <span class='ocrx_word' id='word_1_210' title='bbox 1740 1936 1944 1973; x_wconf 79' lang='lat' dir='ltr'>terrarum</span> <span class='ocrx_word' id='word_1_211' title='bbox 1970 1946 2099 1973; x_wconf 90' lang='lat' dir='ltr'>vnum</span> <span class='ocrx_word' id='word_1_212' title='bbox 2119 1946 2276 1988; x_wconf 90' lang='lat' dir='ltr'>equum</span> <span class='ocrx_word' id='word_1_213' title='bbox 2297 1947 2393 1975; x_wconf 90' lang='lat' dir='ltr'>cum</span> 
     </span>
     <span class='ocr_line' id='line_1_19' title="bbox 375 2007 2756 2068; baseline 0 -13"><span class='ocrx_word' id='word_1_214' title='bbox 375 2013 520 2056; x_wconf 85' lang='lat' dir='ltr'>trahea</span> <span class='ocrx_word' id='word_1_215' title='bbox 540 2011 768 2068; x_wconf 88' lang='lat' dir='ltr'>vulgariter</span> <span class='ocrx_word' id='word_1_216' title='bbox 792 2026 872 2053; x_wconf 78' lang='lat' dir='ltr'>ane</span> <span class='ocrx_word' id='word_1_217' title='bbox 894 2011 982 2053; x_wconf 79' lang='lat' dir='ltr'>sled</span> <span class='ocrx_word' id='word_1_218' title='bbox 1005 2008 1058 2052; x_wconf 92' lang='lat' dir='ltr'>ad</span> <span class='ocrx_word' id='word_1_219' title='bbox 1077 2015 1290 2051; x_wconf 86' lang='lat' dir='ltr'>vecturam</span> <span class='ocrx_word' id='word_1_220' title='bbox 1321 2007 1576 2051; x_wconf 87' lang='lat' dir='ltr'>decimarum</span> <span class='ocrx_word' id='word_1_221' title='bbox 1601 2009 1876 2052; x_wconf 87' lang='lat' dir='ltr'>ministrando</span> <span class='ocrx_word' id='word_1_222' title='bbox 1902 2044 1911 2054; x_wconf 90' lang='lat'>.</span> <span class='ocrx_word' id='word_1_223' title='bbox 1937 2011 2095 2054; x_wconf 85' lang='lat' dir='ltr'>vectori</span> <span class='ocrx_word' id='word_1_224' title='bbox 2122 2018 2166 2054; x_wconf 91' lang='lat' dir='ltr'>et</span> <span class='ocrx_word' id='word_1_225' title='bbox 2196 2012 2394 2056; x_wconf 87' lang='lat' dir='ltr'>officiario</span> <span class='ocrx_word' id='word_1_226' title='bbox 2744 2021 2756 2055; x_wconf 59' lang='grc' dir='ltr'>’ὲ</span> 
     </span>
     <span class='ocr_line' id='line_1_20' title="bbox 375 2088 2394 2149; baseline 0 -14"><span class='ocrx_word' id='word_1_227' title='bbox 375 2108 552 2149; x_wconf 86' lang='lat' dir='ltr'>granum</span> <span class='ocrx_word' id='word_1_228' title='bbox 585 2098 806 2148; x_wconf 85' lang='lat' dir='ltr'>argentum</span> <span class='ocrx_word' id='word_1_229' title='bbox 838 2097 882 2133; x_wconf 91' lang='lat' dir='ltr'>et</span> <span class='ocrx_word' id='word_1_230' title='bbox 915 2089 1116 2133; x_wconf 85' lang='lat' dir='ltr'>stramina</span> <span class='ocrx_word' id='word_1_231' title='bbox 1145 2103 1260 2131; x_wconf 90' lang='lat' dir='ltr'>more</span> <span class='ocrx_word' id='word_1_232' title='bbox 1296 2088 1419 2131; x_wconf 87' lang='lat' dir='ltr'>solito</span> <span class='ocrx_word' id='word_1_233' title='bbox 1451 2089 1651 2132; x_wconf 81' lang='lat' dir='ltr'>solvendo</span> <span class='ocrx_word' id='word_1_234' title='bbox 1682 2105 1845 2133; x_wconf 90' lang='lat' dir='ltr'>necnon</span> <span class='ocrx_word' id='word_1_235' title='bbox 1878 2106 1954 2147; x_wconf 91' lang='lat' dir='ltr'>pro</span> <span class='ocrx_word' id='word_1_236' title='bbox 1990 2091 2178 2148; x_wconf 86' lang='lat' dir='ltr'>qualibet</span> <span class='ocrx_word' id='word_1_237' title='bbox 2208 2099 2394 2135; x_wconf 85' lang='lat' dir='ltr'>marcata</span> 
     </span>
     <span class='ocr_line' id='line_1_21' title="bbox 375 2167 2391 2228; baseline -0 -14"><span class='ocrx_word' id='word_1_238' title='bbox 375 2189 496 2216; x_wconf 88' lang='lat' dir='ltr'>vnam</span> <span class='ocrx_word' id='word_1_239' title='bbox 520 2173 711 2216; x_wconf 77' lang='lat' dir='ltr'>ferlotam</span> <span class='ocrx_word' id='word_1_240' title='bbox 740 2184 966 2213; x_wconf 88' lang='lat' dir='ltr'>avenarum</span> <span class='ocrx_word' id='word_1_241' title='bbox 994 2176 1038 2211; x_wconf 91' lang='lat' dir='ltr'>et</span> <span class='ocrx_word' id='word_1_242' title='bbox 1063 2182 1189 2210; x_wconf 86' lang='lat' dir='ltr'>vnum</span> <span class='ocrx_word' id='word_1_243' title='bbox 1219 2168 1275 2210; x_wconf 90' lang='lat' dir='ltr'>lie</span> <span class='ocrx_word' id='word_1_244' title='bbox 1303 2167 1436 2210; x_wconf 90' lang='lat' dir='ltr'>thraif</span> <span class='ocrx_word' id='word_1_245' title='bbox 1457 2169 1717 2212; x_wconf 83' lang='lat' dir='ltr'>straminum.</span> <span class='ocrx_word' id='word_1_246' title='bbox 1778 2171 1890 2212; x_wconf 87' lang='lat' dir='ltr'>Data</span> <span class='ocrx_word' id='word_1_247' title='bbox 1914 2172 1993 2213; x_wconf 92' lang='lat' dir='ltr'>sub</span> <span class='ocrx_word' id='word_1_248' title='bbox 2019 2172 2230 2213; x_wconf 87' lang='lat' dir='ltr'>communi</span> <span class='ocrx_word' id='word_1_249' title='bbox 2254 2171 2391 2228; x_wconf 85' lang='lat' dir='ltr'>sigillo</span> 
     </span>
     <span class='ocr_line' id='line_1_22' title="bbox 376 2246 1944 2308; baseline -0.002 -13"><span class='ocrx_word' id='word_1_250' title='bbox 376 2253 487 2308; x_wconf 87' lang='lat' dir='ltr'>apud</span> <span class='ocrx_word' id='word_1_251' title='bbox 509 2250 806 2294; x_wconf 86' lang='lat' dir='ltr'>monasterium</span> <span class='ocrx_word' id='word_1_252' title='bbox 832 2249 976 2291; x_wconf 89' lang='lat' dir='ltr'>Insule</span> <span class='ocrx_word' id='word_1_253' title='bbox 998 2247 1224 2290; x_wconf 86' lang='lat' dir='ltr'>Missarum</span> <span class='ocrx_word' id='word_1_254' title='bbox 1248 2248 1274 2289; x_wconf 90' lang='grc'>8</span> <span class='ocrx_word' id='word_1_255' title='bbox 1295 2246 1453 2303; x_wconf 87' lang='lat' dir='ltr'>Aprilis</span> <span class='ocrx_word' id='word_1_256' title='bbox 1476 2249 1601 2292; x_wconf 87' lang='lat'>1557.</span> <span class='ocrx_word' id='word_1_257' title='bbox 1664 2249 1944 2292; x_wconf 87' lang='lat' dir='ltr'>Subscribunt</span> 
     </span>
    </p>
   </div>
   <div class='ocr_carea' id='block_1_5' title="bbox 486 2406 2301 2705">
    <p class='ocr_par' dir='ltr' id='par_1_6' title="bbox 486 2406 2301 2623">
     <span class='ocr_line' id='line_1_23' title="bbox 486 2406 2275 2467; baseline 0 -15"><span class='ocrx_word' id='word_1_258' title='bbox 486 2409 727 2452; x_wconf 88' lang='lat' dir='ltr'>Alexander</span> <span class='ocrx_word' id='word_1_259' title='bbox 748 2406 1138 2451; x_wconf 86' lang='lat' dir='ltr'>Commendatarius</span> <span class='ocrx_word' id='word_1_260' title='bbox 1327 2407 1536 2464; x_wconf 82' lang='lat' dir='ltr'>Georgius</span> <span class='ocrx_word' id='word_1_261' title='bbox 1559 2408 1695 2464; x_wconf 87' lang='lat' dir='ltr'>Spens</span> <span class='ocrx_word' id='word_1_262' title='bbox 1859 2410 2100 2452; x_wconf 85' lang='lat' dir='ltr'>Alexander</span> <span class='ocrx_word' id='word_1_263' title='bbox 2120 2411 2275 2467; x_wconf 90' lang='lat' dir='ltr'>Wycht</span> 
     </span>
     <span class='ocr_line' id='line_1_24' title="bbox 486 2486 2301 2543; baseline 0.001 -11"><span class='ocrx_word' id='word_1_264' title='bbox 486 2491 514 2532; x_wconf 88' lang='lat' dir='ltr'><strong>J</strong></span> <span class='ocrx_word' id='word_1_265' title='bbox 518 2490 702 2532; x_wconf 88' lang='lat' dir='ltr'>ohannes</span> <span class='ocrx_word' id='word_1_266' title='bbox 722 2487 924 2530; x_wconf 87' lang='lat' dir='ltr'>Maineris</span> <span class='ocrx_word' id='word_1_267' title='bbox 945 2486 1058 2543; x_wconf 89' lang='lat' dir='ltr'>prior</span> <span class='ocrx_word' id='word_1_268' title='bbox 1330 2488 1358 2529; x_wconf 88' lang='lat' dir='ltr'><strong>J</strong></span> <span class='ocrx_word' id='word_1_269' title='bbox 1362 2487 1549 2530; x_wconf 87' lang='lat' dir='ltr'>ohannes</span> <span class='ocrx_word' id='word_1_270' title='bbox 1569 2488 1706 2530; x_wconf 88' lang='lat' dir='ltr'>Rauff</span> <span class='ocrx_word' id='word_1_271' title='bbox 1849 2491 1878 2532; x_wconf 87' lang='lat' dir='ltr'><strong>J</strong></span> <span class='ocrx_word' id='word_1_272' title='bbox 1880 2491 2037 2532; x_wconf 90' lang='lat' dir='ltr'>acobus</span> <span class='ocrx_word' id='word_1_273' title='bbox 2058 2491 2301 2533; x_wconf 88' lang='lat' dir='ltr'>Donaldson</span> 
     </span>
     <span class='ocr_line' id='line_1_25' title="bbox 488 2565 1772 2623; baseline 0 -12"><span class='ocrx_word' id='word_1_274' title='bbox 488 2569 670 2611; x_wconf 90' lang='lat' dir='ltr'>Thomas</span> <span class='ocrx_word' id='word_1_275' title='bbox 692 2567 906 2611; x_wconf 86' lang='lat' dir='ltr'>Gardener</span> <span class='ocrx_word' id='word_1_276' title='bbox 926 2565 1121 2623; x_wconf 85' lang='lat' dir='ltr'>supprior</span> <span class='ocrx_word' id='word_1_277' title='bbox 1331 2566 1571 2610; x_wconf 87' lang='lat' dir='ltr'>Willelmus</span> <span class='ocrx_word' id='word_1_278' title='bbox 1590 2568 1772 2611; x_wconf 88' lang='lat' dir='ltr'>Melrose</span> 
     </span>
    </p>

    <p class='ocr_par' dir='ltr' id='par_1_7' title="bbox 486 2645 1763 2705">
     <span class='ocr_line' id='line_1_26' title="bbox 486 2645 1763 2705; baseline 0 -15"><span class='ocrx_word' id='word_1_279' title='bbox 486 2647 645 2690; x_wconf 88' lang='lat' dir='ltr'>Paulus</span> <span class='ocrx_word' id='word_1_280' title='bbox 668 2646 915 2703; x_wconf 85' lang='lat' dir='ltr'>Cunygham</span> <span class='ocrx_word' id='word_1_281' title='bbox 1327 2645 1571 2689; x_wconf 88' lang='lat' dir='ltr'>Alexander</span> <span class='ocrx_word' id='word_1_282' title='bbox 1590 2648 1763 2705; x_wconf 88' lang='lat' dir='ltr'>Murray</span> 
     </span>
    </p>
   </div>
   <div class='ocr_carea' id='block_1_6' title="bbox 318 2875 2385 3024">
    <p class='ocr_par' dir='ltr' id='par_1_8' title="bbox 318 2875 2385 3024">
     <span class='ocr_line' id='line_1_27' title="bbox 318 2875 2385 2942; baseline 0.003 -17"><span class='ocrx_word' id='word_1_283' title='bbox 318 2886 345 2925; x_wconf 88' lang='lat'><strong>3</strong></span> <span class='ocrx_word' id='word_1_284' title='bbox 373 2887 500 2929; x_wconf 89' lang='lat' dir='ltr'>Carta</span> <span class='ocrx_word' id='word_1_285' title='bbox 532 2884 831 2928; x_wconf 87' lang='lat' dir='ltr'>feudifirmaria</span> <span class='ocrx_word' id='word_1_286' title='bbox 855 2885 909 2926; x_wconf 92' lang='lat' dir='ltr'>ab</span> <span class='ocrx_word' id='word_1_287' title='bbox 938 2875 1181 2926; x_wconf 82' lang='lat' dir='ltr'>Alexandro</span> <span class='ocrx_word' id='word_1_288' title='bbox 1214 2882 1531 2939; x_wconf 88' lang='lat' dir='ltr'>archiepiscopo</span> <span class='ocrx_word' id='word_1_289' title='bbox 1555 2883 1804 2926; x_wconf 88' lang='lat' dir='ltr'>Atheniensi</span> <span class='ocrx_word' id='word_1_290' title='bbox 1837 2885 1889 2927; x_wconf 91' lang='lat' dir='ltr'>ad</span> <span class='ocrx_word' id='word_1_291' title='bbox 1926 2885 2217 2942; x_wconf 86' lang='lat' dir='ltr'>episcopatum</span> <span class='ocrx_word' id='word_1_292' title='bbox 2254 2888 2385 2931; x_wconf 87' lang='lat' dir='ltr'>Sodo-</span> 
     </span>
     <span class='ocr_line' id='line_1_28' title="bbox 371 2962 2382 3024; baseline 0.002 -17"><span class='ocrx_word' id='word_1_293' title='bbox 371 2980 534 3008; x_wconf 88' lang='lat' dir='ltr'>rensem</span> <span class='ocrx_word' id='word_1_294' title='bbox 579 2964 793 3020; x_wconf 87' lang='lat' dir='ltr'>postulato</span> <span class='ocrx_word' id='word_1_295' title='bbox 837 2977 887 3006; x_wconf 87' lang='lat' dir='ltr'>ac</span> <span class='ocrx_word' id='word_1_296' title='bbox 932 2962 1286 3005; x_wconf 86' lang='lat' dir='ltr'>commendatario</span> <span class='ocrx_word' id='word_1_297' title='bbox 1331 2969 1537 3019; x_wconf 88' lang='lat' dir='ltr'>perpetuo</span> <span class='ocrx_word' id='word_1_298' title='bbox 1581 2963 1929 3006; x_wconf 89' lang='lat' dir='ltr'>monasteriorum</span> <span class='ocrx_word' id='word_1_299' title='bbox 1969 2965 2021 3008; x_wconf 91' lang='lat' dir='ltr'>de</span> <span class='ocrx_word' id='word_1_300' title='bbox 2063 2967 2300 3024; x_wconf 84' lang='lat' dir='ltr'>Ineheffray</span> <span class='ocrx_word' id='word_1_301' title='bbox 2339 2978 2382 3012; x_wconf 91' lang='lat' dir='ltr'>et</span> 
     </span>
    </p>
   </div>
   <div class='ocr_carea' id='block_1_7' title="bbox 2727 2232 2756 3075">
    <p class='ocr_par' dir='ltr' id='par_1_9' title="bbox 2727 2232 2756 3075">
     <span class='ocr_line' id='line_1_29' title="bbox 2727 2232 2756 3075; baseline 0 0"><span class='ocrx_word' id='word_1_302' title='bbox 2727 2232 2756 3075; x_wconf 95' lang='lat' dir='ltr'> </span> 
     </span>
    </p>
   </div>
   <div class='ocr_carea' id='block_1_8' title="bbox 371 3042 2380 3100">
    <p class='ocr_par' dir='ltr' id='par_1_10' title="bbox 371 3042 2380 3100">
     <span class='ocr_line' id='line_1_30' title="bbox 371 3042 2380 3100; baseline 0.002 -14"><span class='ocrx_word' id='word_1_303' title='bbox 371 3043 598 3086; x_wconf 86' lang='lat' dir='ltr'>Ycolmkill</span> <span class='ocrx_word' id='word_1_304' title='bbox 627 3044 740 3086; x_wconf 89' lang='lat' dir='ltr'>facta</span> <span class='ocrx_word' id='word_1_305' title='bbox 767 3057 844 3099; x_wconf 92' lang='lat' dir='ltr'>pro</span> <span class='ocrx_word' id='word_1_306' title='bbox 875 3057 1037 3085; x_wconf 88' lang='lat' dir='ltr'>summa</span> <span class='ocrx_word' id='word_1_307' title='bbox 1066 3042 1180 3085; x_wconf 92' lang='lat' dir='ltr'>mille</span> <span class='ocrx_word' id='word_1_308' title='bbox 1208 3042 1407 3084; x_wconf 82' lang='lat' dir='ltr'>librarum</span> <span class='ocrx_word' id='word_1_309' title='bbox 1439 3042 1622 3085; x_wconf 79' lang='lat' dir='ltr'>Patricio</span> <span class='ocrx_word' id='word_1_310' title='bbox 1650 3044 1824 3100; x_wconf 90' lang='lat' dir='ltr'>Murray</span> <span class='ocrx_word' id='word_1_311' title='bbox 1850 3045 2005 3087; x_wconf 90' lang='lat' dir='ltr'>vicario</span> <span class='ocrx_word' id='word_1_312' title='bbox 2033 3046 2298 3099; x_wconf 88' lang='lat' dir='ltr'>pensionario</span> <span class='ocrx_word' id='word_1_313' title='bbox 2328 3050 2380 3092; x_wconf 89' lang='lat' dir='ltr'>de</span> 
     </span>
    </p>
   </div>
  </div>
 </body>
</html>
