2756 3926
1057 384 1160 431 DE
1204 382 1734 433 INOHAFFERY.
2333 390 2395 439 67

388 695 502 763 Hic
525 714 759 782 incipiunt
782 726 909 766 carte
933 726 981 766 et
1005 716 1386 765 confirmationes
1404 716 1618 764 omnium
1636 714 1929 765 ecclesiarum
1947 715 2223 769 monasterio
2243 715 2399 766 Insule

391 802 636 856 COiffarum
660 804 1002 870 pertinentium
1028 834 1039 844 ·

460 891 702 957 Imprimis
725 902 853 942 carta
877 892 1080 943 Gilberti
1105 893 1290 942 comitis
1312 892 1373 941 de
1396 891 1583 942 ecclelia
1604 892 1664 941 de
1687 891 2008 957 maddirnyne
2033 917 2046 932 ·

295 1070 358 1116 68
391 1051 651 1118 Gilbertus
676 1087 833 1118 comes
857 1070 917 1119 de
938 1069 1227 1136 Stratheryn
1249 1069 1468 1119 omnibus
1490 1068 1653 1118 amicis
1676 1078 1725 1118 et
1746 1068 2018 1118 hominibus
2042 1069 2132 1117 suis
2165 1068 2357 1120 salutem
2385 1098 2396 1109 ·

390 1158 560 1207 Sciatis
582 1176 660 1207 me
683 1158 857 1207 dedifl‘e
875 1168 923 1208 et
947 1159 1204 1208 conceffifl’e
1227 1167 1275 1207 et
1297 1157 1387 1206 hac
1409 1174 1518 1207 mea
1539 1166 1668 1206 carta
1690 1157 1978 1206 confirmafl'e
2000 1157 2111 1207 Deo
2133 1167 2181 1207 et
2208 1158 2393 1208 ecclefle

387 1246 524 1295 sanffi
559 1246 792 1295 Johannis
820 1246 1104 1313 euangeliste
1131 1246 1191 1295 de
1223 1245 1501 1311 Inchaffryn
1536 1255 1584 1294 et
1618 1244 1772 1295 eidem
1799 1245 1985 1294 eoeleste
2010 1246 2320 1295 seruientibus
2344 1258 2392 1296 et

387 1333 626 1382 seruitutis
662 1332 899 1382 eoolefiam
945 1333 1004 1382 de
1050 1333 1348 1399 COaddirnyn
1385 1350 1494 1382 cum
1530 1332 1748 1381 omnibus
1782 1332 1920 1398 justis
1958 1332 2259 1399 pertinentijs
2298 1334 2392 1381 suis

391 1423 439 1469 in
476 1438 644 1488 puram
675 1431 724 1471 et
762 1431 1039 1488 perpetuam
1075 1421 1370 1471 elemosinam
1402 1438 1490 1487 pro
1523 1421 1679 1469 anime
1706 1438 1811 1470 mee
1839 1420 1984 1470 salute
2017 1430 2066 1470 et
2098 1422 2254 1471 vxoris
2289 1441 2393 1471 mee

382 1519 429 1558 et
453 1527 539 1575 pro
563 1509 808 1558 animabus
831 1510 1170 1559 antecefl'orum
1187 1526 1400 1558 meorum
1415 1518 1463 1557 et
1484 1507 1630 1557 salute
1652 1508 1906 1557 liberorum
1922 1526 2138 1558 meorum
2162 1536 2174 1548 ·
2199 1510 2391 1559 Tenen-

383 1596 494 1644 dam
534 1596 600 1645 ita
637 1596 782 1646 libere
819 1597 977 1662 quiete
1014 1596 1224 1663 plenarie
1261 1605 1311 1645 et
1351 1595 1610 1645 honorifice
1649 1597 1765 1645 ficut
1798 1595 1954 1661 aliqua
1987 1596 2174 1646 ecclesia
2206 1597 2256 1646 in
2291 1609 2390 1647 toto

381 1701 527 1750 regno
571 1684 731 1734 Scotie
772 1685 831 1733 ab
877 1683 1112 1749 aliquibus
1156 1684 1379 1748 religiosis
1422 1683 1619 1732 liberius
1663 1683 1875 1748 quiecius
1918 1683 2158 1750 plenarius
2201 1694 2391 1734 tenetur

381 1780 430 1822 et
451 1772 836 1822 honorificentius
873 1800 884 1811 ·
919 1773 1031 1838 Hijs
1066 1772 1260 1822 testibus
1300 1771 1482 1826 COalifio
1515 1772 1659 1822 fratre
1692 1790 1799 1822 meo
1836 1801 1846 1812 ·
1881 1772 2084 1827 matilde
2118 1773 2342 1823 eomitifl‘a
2377 1802 2387 1812 ·

380 1859 616 1909 Willelmo
651 1869 699 1909 et
733 1859 922 1909 fferteth
956 1870 1003 1908 et
1038 1860 1250 1909 Roberto
1284 1859 1394 1926 filijs
1417 1860 1538 1909 meis
1581 1888 1592 1898 ·
1629 1859 1871 1910 Gillenem
1904 1860 2115 1927 dapifero
2150 1862 2305 1910 nostro
2343 1873 2390 1911 et

380 1946 562 2001 malifio
594 1946 689 1996 filio
721 1948 822 2013 ejus
858 1973 871 1986 ·
898 1946 1116 1996 Gilberto
1144 1946 1291 2002 milite
1328 1975 1339 1986 ·
1375 1947 1587 1996 Abraam
1611 1947 1852 2014 capellano
1889 1977 1900 1987 ·
1935 1948 2092 1998 Bricio
2114 1949 2307 2015 persona
2330 1950 2389 1999 de

382 2035 520 2084 Crefe
545 2063 555 2074 ·
582 2035 894 2086 Constantino
911 2035 1076 2101 judice
1101 2063 1112 2074 ·
1140 2035 1356 2085 Anechol
1379 2036 1542 2085 theino
1565 2054 1671 2086 meo
1696 2063 1708 2075 ·

380 2284 508 2350 Alia
530 2309 659 2350 carta
681 2301 741 2350 de
764 2300 931 2349 eadem
954 2298 1142 2349 ecclefia
1166 2327 1177 2337 ·

285 2471 348 2517 69
380 2457 639 2524 Gilbertus
662 2492 820 2524 comes
842 2475 903 2524 de
929 2473 1212 2540 Stratheryn
1235 2472 1456 2522 omnibus
1485 2472 1575 2521 hoo
1602 2471 1823 2537 scriptum
1850 2471 2012 2520 visuris
2042 2470 2116 2520 vel
2145 2472 2377 2522 audituris

375 2562 568 2612 salutem
593 2590 604 2602 ι
632 2562 796 2612 Sciant
818 2571 916 2612 tam
939 2562 1178 2628 presentes
1201 2578 1343 2627 quam
1366 2560 1518 2609 futuri
1540 2578 1618 2609 me
1641 2559 1816 2609 dedifl‘e
1843 2567 1893 2608 et
1923 2560 2181 2609 coneeffiffe
2215 2571 2264 2610 et
2290 2561 2377 2610 hac

375 2661 504 2700 carta
537 2668 644 2700 mea
689 2651 979 2700 confirmasse
1008 2650 1120 2700 Deo
1159 2659 1208 2699 et
1246 2650 1399 2698 saneto
1433 2648 1646 2698 Johanni
1684 2647 1894 2714 apostolo
1927 2648 1988 2696 de
2025 2648 2291 2715 Inchaffray
2331 2660 2379 2698 et

373 2739 607 2787 canonicis
636 2739 843 2805 ejusdem
878 2738 968 2788 loci
996 2754 1254 2803 eorumque
1281 2736 1610 2786 succefl’oribus
1637 2753 1724 2802 pro
1746 2735 1845 2785 Dei
1867 2752 2027 2784 amore
2050 2745 2098 2784 et
2120 2753 2205 2800 pro
2236 2736 2379 2786 salute

372 2826 525 2874 anime
543 2842 646 2874 mee
664 2835 712 2875 et
728 2826 886 2875 vxoris
902 2843 1007 2875 mee
1025 2835 1073 2874 et
1086 2824 1424 2874 antecefl’orum
1449 2833 1497 2873 et
1512 2823 1738 2872 heredum
1754 2839 1967 2871 meorum
1985 2823 2221 2871 ecclefiam
2238 2824 2377 2871 saneti

373 2913 625 2962 Ethirnani
660 2914 719 2962 de
755 2914 1066 2980 COaddyrnyn
1102 2930 1211 2962 cum
1242 2912 1460 2961 omnibus
1488 2911 1627 2977 justis
1660 2911 1956 2977 pertinentijs
1982 2910 2073 2959 suis
2099 2911 2148 2958 in
2182 2911 2374 2959 decimis

372 3009 420 3048 et
453 2998 766 3049 oblationibus
789 3010 837 3050 et
860 3000 1147 3050 obuentibus
1183 2999 1468 3049 omnimodis
1506 3017 1616 3048 cum
1653 3007 1778 3048 terra
1810 2999 1872 3048 ad
1905 2998 2102 3047 eandem
2137 2996 2371 3047 ecclefiam

372 3087 637 3152 pertinente
684 3097 733 3136 et
784 3104 893 3136 cum
938 3085 1179 3136 communi
1224 3086 1413 3150 pastura
1455 3085 1710 3150 ceterisque
1762 3081 2057 3150 ayfiamentis
2096 3085 2374 3135 omnimodis
