2808 3926
1073 378 1176 426 DE
1220 375 1757 427 INCHAFFERY.
2364 382 2427 428 55

422 604 747 671 Confirmatio
788 621 974 670 comitis
1016 620 1216 670 Roberti
1257 629 1497 668 cartarum
1535 618 1675 685 primi
1717 617 1900 684 COalicij
1937 627 1985 666 et
2016 617 2206 667 secundi
2241 617 2421 686 malicij

415 710 732 776 quadraginta
754 710 958 759 duarum
979 726 1247 758 marcarum
1270 707 1330 756 de
1355 707 1571 773 Dunyne
1597 735 1608 746 ·

326 892 387 935 54
417 868 673 936 Omnibus
696 886 872 936 christi
894 885 1110 935 fidenbus
1133 885 1255 934 hanc
1277 894 1459 934 cartam
1480 884 1642 932 visuris
1665 883 1739 933 vel
1760 883 1993 932 audituris
2018 882 2259 932 Robertus
2283 885 2421 933 senes.

411 975 555 1024 callus
581 975 740 1024 Scotie
764 992 919 1024 comes
942 974 1001 1023 de
1027 973 1315 1039 stratheryn
1337 972 1533 1022 salutem
1555 972 1605 1020 in
1629 972 1820 1021 domino
1843 971 2172 1036 sempiternam
2203 999 2214 1011 ·
2253 971 2421 1021 Sciatis

410 1081 496 1112 nos
528 1064 577 1111 in
608 1065 738 1112 curia
769 1064 924 1112 nostra
952 1072 1086 1112 tenta
1114 1061 1243 1127 apud
1275 1060 1419 1110 Crefe
1453 1061 1616 1110 oestauo
1647 1060 1724 1109 die
1754 1061 1922 1110 mensis
1945 1059 2065 1125 maij
2092 1077 2216 1110 anno
2240 1061 2421 1110 domini

410 1151 648 1201 millesimo
683 1157 813 1201 ccc'm’
846 1151 1224 1217 quinquagesimo
1270 1150 1434 1198 octauo
1492 1148 1731 1214 inspexiffe
1777 1157 1825 1196 et
1869 1147 2100 1197 veraciter
2149 1147 2419 1198 intellexisse

410 1258 470 1288 ex
514 1239 716 1305 prouida
759 1238 1093 1288 deliberatione
1137 1236 1250 1285 boni
1301 1234 1472 1300 confilij
1531 1235 1675 1283 nostri
1731 1243 1883 1283 cartas
1935 1233 2256 1299 religiosorum
2301 1237 2419 1284 viro-

408 1344 516 1375 rum
540 1326 839 1376 dominorum
862 1325 1044 1374 abbatis
1067 1334 1115 1373 et
1138 1331 1404 1372 conuentus
1427 1322 1487 1370 de
1512 1321 1668 1370 Insula
1689 1321 1937 1375 COifl'arum
1961 1321 2022 1369 de
2044 1338 2204 1369 annuo
2223 1322 2418 1371 Redditu

406 1413 485 1461 suo
531 1413 846 1478 quadraginta
890 1412 1092 1460 duarum
1136 1427 1402 1458 marcarum
1448 1409 1508 1458 de
1553 1408 1778 1475 thanagio
1823 1409 1883 1457 de
1941 1407 2157 1475 Dunyne
2214 1409 2324 1458 dato
2371 1419 2419 1458 et

406 1502 614 1550 concesso
639 1501 810 1550 eisdem
833 1499 1062 1565 Religiofis
1086 1515 1171 1565 per
1195 1496 1374 1546 nobiles
1397 1497 1520 1545 viros
1543 1497 1667 1545 bone
1691 1497 1918 1546 memorie
1943 1496 2192 1551 walicium
2216 1497 2418 1563 primum

404 1599 453 1639 et
475 1588 711 1644 COalifium
734 1587 990 1638 secundum
1007 1586 1246 1652 quondam
1271 1584 1464 1633 comites
1489 1583 1548 1632 de
1569 1582 1857 1649 Stratheryn
1874 1584 2217 1650 predecessores
2240 1586 2419 1632 nostros

405 1694 520 1743 quas
552 1677 744 1742 quidem
777 1686 930 1725 cartas
964 1674 1015 1722 in
1049 1673 1268 1723 omnibus
1297 1670 1484 1738 punctis
1515 1670 1865 1720 conditionibus
1896 1671 2104 1720 articulis
2137 1681 2185 1721 et
2218 1671 2418 1720 circum-

403 1765 584 1831 stantijs
606 1764 696 1813 suis
719 1764 869 1813 forma
890 1762 1065 1828 pariter
1083 1771 1131 1811 et
1154 1761 1319 1810 effectu
1343 1759 1633 1808 ratificamus
1650 1759 1968 1825 approbamus
1986 1770 2033 1809 et
2051 1769 2214 1809 tenore
2230 1761 2417 1826 presen-

403 1855 462 1902 tis
485 1863 612 1903 carte
642 1854 795 1902 nostre
826 1869 915 1919 pro
946 1851 1082 1901 nobis
1106 1859 1153 1900 et
1176 1849 1433 1899 heredibus
1466 1847 1631 1896 nostris
1663 1848 2002 1914 inperpetuum
2036 1849 2369 1898 confirmamus
2403 1876 2413 1887 ·

405 1942 464 1989 In
498 1943 632 2006 cujus
666 1941 734 1989 rei
769 1939 1086 1989 testimonium
1119 1937 1324 2004 presenti
1359 1948 1486 1988 carte
1521 1940 1678 1988 nostre
1717 1939 1916 2005 sigillum
1964 1941 2172 1989 nostrum
2217 1940 2415 1989 fecimus

403 2029 579 2095 apponi
602 2028 752 2095 Apud
776 2027 924 2078 Perth
947 2028 996 2075 in
1018 2027 1131 2076 festo
1155 2027 1294 2076 sancti
1317 2026 1350 2076 J
1352 2027 1551 2077 ohannis
1576 2028 1787 2095 Baptiste
1810 2047 1934 2078 anno
1961 2030 2218 2096 supradicto
2256 2059 2266 2067 ·
2304 2029 2413 2094 Hijs

404 2117 594 2165 testibus
621 2145 631 2154 -
657 2116 858 2165 dominis
882 2116 914 2166 J
916 2115 1102 2165 ohanne
1125 2114 1367 2165 senescallo
1390 2116 1535 2166 fi-at-re
1559 2118 1715 2166 nostro
1749 2146 1759 2155 ·
1786 2117 1995 2183 Hugone
2020 2118 2078 2167 de
2103 2118 2373 2184 Eglyntone
2399 2145 2410 2155 ·

403 2205 591 2253 Thoma
624 2204 683 2253 de
717 2204 929 2271 Fausyde
956 2203 1183 2252 militibus
1221 2232 1231 2242 ·
1269 2203 1506 2254 Willelmo
1535 2204 1738 2271 sympiu
1775 2235 1785 2244 ·
1822 2205 2059 2255 Willelmo
2085 2206 2144 2256 de
2168 2205 2410 2260 COeldrum

402 2304 450 2342 et
475 2292 636 2342 multis
656 2291 758 2358 alijs
784 2320 795 2330 ·

401 2542 690 2608 Ratificatio
714 2556 895 2606 dom-ini
916 2556 951 2607 J
954 2522 1152 2606 ohannis
1177 2557 1235 2606 de
1259 2556 1291 2606 J
1294 2556 1490 2605 oh-nston
1515 2557 1573 2606 de
1598 2558 1733 2605 firma
1756 2557 1814 2605 de
1841 2556 2037 2623 Strathy
2065 2586 2075 2597 ·

312 2743 374 2789 55
403 2717 658 2785 Omnibus
691 2734 783 2782 hoc
818 2732 1041 2798 scriptum
1075 2731 1238 2779 visuris
1271 2730 1345 2779 vel
1379 2730 1611 2779 audituris
1638 2732 1673 2781 J
1676 2732 1883 2781 ohannes
1918 2734 1978 2782 de
2009 2731 2240 2782 Johnston
2276 2732 2406 2781 miles

398 2823 590 2872 salutem
618 2832 831 2872 eternam
858 2822 906 2870 in
930 2821 1125 2870 domino
1150 2847 1162 2859 ·
1192 2820 1440 2869 Noueritis
1471 2838 1548 2881 me
1571 2829 1698 2870 ratas
1725 2832 1775 2871 et
1797 2832 1953 2887 gratas
1975 2822 2147 2871 habere
2170 2840 2225 2871 ac
2248 2823 2404 2871 firmas

398 2922 446 2961 et
472 2910 656 2961 stabiles
687 2920 848 2960 tenere
882 2909 1187 2958 donationem
1223 2918 1271 2958 et
1305 2909 1642 2958 concessionem
1675 2927 1792 2975 quas
1827 2911 2020 2960 domina
2053 2912 2208 2965 maria
2247 2912 2405 2976 sponsa

397 3018 503 3049 mea
531 2999 802 3054 monasterio
833 2999 893 3047 de
926 2997 1082 3047 Insula
1115 2998 1361 3052 COifl'arum
1390 3007 1437 3046 et
1465 2998 1702 3047 canonicis
1734 2999 1941 3062 ejusdem
1970 2999 2029 3047 de
2057 3000 2276 3048 consensu
2299 3016 2403 3047 meo

397 3092 567 3141 fecerat
613 3088 671 3136 de
717 3088 919 3153 quadam
959 3087 1176 3154 portione
1221 3104 1377 3134 annue
1423 3087 1654 3150 pensionis
1702 3098 1890 3135 centum
1933 3087 2178 3135 solidorum
2221 3087 2401 3152 argenti
