2808 3926
393 356 422 401 6
1161 347 1637 399 REGISTRUM

401 579 563 646 Carta
584 596 732 662 Regis
758 592 981 643 Willelmi
1002 594 1139 658 super
1162 592 1297 640 terris
1320 590 1752 656 de‘oeaddyrnyn·

343 771 374 815 2
397 754 700 822 Willelmus
738 770 838 818 Dei
879 770 1031 835 gratia
1071 769 1244 833 [Rex]
1290 767 1563 816 Scottorum
1603 766 1828 832 episcopis
1868 766 2115 814 abbatibus
2157 767 2406 817 comitibus

396 860 649 910 baronibus
675 858 944 926 justiciariis
974 856 1326 926 vicecomitibus
1361 855 1604 922 prepositis
1637 835 1858 903 ministris
1881 858 1973 919 que
2001 853 2221 903 omnibus
2249 855 2407 920 probis

396 948 666 999 hominibus
707 947 852 997 totius
891 956 1015 996 terre
1051 947 1152 995 sue
1170 945 1350 995 clericis
1390 954 1439 994 et
1476 944 1611 993 laicis
1650 943 1846 992 salutem
1899 971 1909 981 ·
1964 942 2127 992 Sciant
2171 944 2407 1009 presentes

397 1049 445 1089 et
488 1037 637 1087 futuri
680 1055 757 1085 me
804 1036 976 1085 dedifl’e
1021 1035 1278 1084 conceflifi'e
1324 1032 1373 1083 et
1415 1034 1505 1082 hac
1549 1032 1752 1098 presenti
1796 1040 1927 1081 carta
1970 1049 2078 1081 mea
2119 1032 2408 1082 confirmaffe

397 1125 558 1175 comiti
589 1124 806 1175 Gilberto
841 1123 901 1172 de
939 1121 1223 1188 Stratheryn
1255 1121 1552 1189 COaddyrnin
1582 1137 1669 1187 per
1698 1119 1845 1168 rectas
1877 1119 2045 1168 diuisas
2078 1119 2181 1169 suas
2215 1129 2264 1169 et
2297 1139 2408 1170 cum

399 1209 619 1258 omnibus
642 1207 780 1272 justis
802 1206 1101 1272 pertinentiis
1131 1205 1182 1255 in
1209 1205 1345 1254 bosco
1379 1214 1427 1253 et
1461 1204 1646 1270 plano
1633 1223 1684 1255 1n
1714 1208 1851 1256 terris
1881 1216 1929 1256 et
1958 1207 2092 1273 aquis
2115 1208 2165 1256 in
2187 1209 2336 1274 pratis
2360 1219 2408 1259 et

398 1297 578 1364 pascuis
612 1297 663 1344 in
697 1294 840 1344 moris
874 1303 922 1344 et
956 1293 1200 1362 marefiis
1187 1311 1237 1341 111
1264 1291 1547 1343 molendinis
1570 1303 1619 1343 et
1640 1295 1814 1370 stagnis
1838 1304 1886 1344 et
1909 1296 2128 1344 omnibus
2151 1296 2253 1345 aliis
2269 1298 2408 1362 justis

397 1384 696 1452 pertinentiis
723 1382 817 1431 suis
846 1377 956 1431 cum
981 1382 1113 1444 sacca
1135 1390 1184 1430 et
1205 1381 1334 1430 socca
1357 1399 1477 1432 cum
1484 1381 1608 1431 tholl
1631 1392 1679 1432 et
1701 1382 1888 1433 theame
1911 1392 1960 1432 et
1982 1382 2406 1450 infangandthefe

398 1473 682 1524 Tenendam
725 1471 808 1520 fibi
852 1480 900 1519 et
944 1467 1201 1519 heredibus
1245 1468 1339 1517 suis
1383 1470 1443 1518 de
1489 1488 1568 1520 me
1614 1480 1664 1520 et
1709 1471 1965 1528 heredibus
2010 1472 2129 1522 meis
2173 1473 2224 1521 in
2268 1474 2406 1525 feodo

397 1573 446 1613 et
480 1561 744 1612 hereditate
777 1559 925 1609 libere
961 1567 1012 1608 et
1047 1545 1208 1627 quiete
1246 1557 1457 1626 plenarie
1496 1567 1545 1608 et
1581 1541 1838 1623 honorifice
1868 1578 1958 1626 per
1990 1561 2249 1610 seruitium
2266 1564 2406 1614 vnius

396 1650 571 1700 militis
591 1649 661 1698 ita
690 1647 834 1697 etiam
861 1646 991 1712 quod
1022 1663 1111 1695 nec
1143 1633 1239 1711 ipse
1271 1663 1361 1695 nec
1395 1645 1595 1696 heredes
1628 1648 1698 1695 sui
1722 1647 1890 1711 aliquo
1923 1657 2151 1714 tempore
2168 1650 2410 1701 vendeant

397 1739 459 1788 (16
488 1748 614 1788 terra
641 1735 931 1791 Gillecolme
947 1732 1231 1789 'marescallo
1261 1742 1345 1782 aut
1374 1733 1630 1785 heredibus
1664 1735 1756 1784 suis
1790 1748 1873 1784 aut
1903 1735 2046 1784 alicui
2075 1736 2135 1785 de
2166 1738 2408 1803 parentela

396 1827 476 1875 sua
505 1824 731 1891 siquando
763 1821 1003 1889 querelam
1030 1821 1146 1870 inde
1166 1838 1301 1886 erga
1319 1839 1400 1871 eos
1427 1829 1617 1872 movere
1647 1822 1884 1874 voluerint
1913 1824 2138 1890 quoniam
2169 1826 2407 1892 predictus

392 1913 652 1965 *Gillecolm
685 1930 772 1979 pro
805 1911 980 1961 felonia
1004 1928 1158 1976 >quam
1194 1927 1306 1976 erga
1341 1928 1419 1960 me
1457 1911 1569 1960 fecit
1612 1921 1787 1960 terram
1831 1913 2214 1979 prenominatam
2258 1916 2407 1965 amifit

395 2006 511 2054 ficut
540 2003 618 2053 ille
647 2002 731 2068 qui
757 2002 809 2051 in
835 2000 1011 2051 felonia
1036 2000 1245 2049 reddidit
1275 1999 1526 2049 castellum*
1544 2018 1706 2050 meum
1733 2002 1794 2051 de
1823 2002 1997 2069 Her5rn
2028 2012 2075 2053 et
2101 2004 2262 2070 postea
2290 2007 2406 2055 ficut

390 2093 553 2158 ⁴iniqus
584 2100 632 2141 et
661 2079 876 2157 proditor
905 2089 990 2138 ivit
1020 2089 1083 2138 ad
1112 2088 1328 2137 inimicos
1357 2106 1489 2138 meos
1519 2089 1744 2140 mortales
1772 2100 1821 2140 et
1849 2109 1958 2140 cum
1989 2092 2056 2141 eis
2084 2092 2211 2142 stetit
2242 2103 2407 2142 contra

396 2169 474 2231 me
508 2182 570 2230 ad
601 2179 977 2230 foriffaciendum
1010 2196 1096 2243 pro
1122 2178 1355 2244 pofl‘efsuo
1385 2206 1397 2217 ·
1430 2179 1651 2229 Testibus
1687 2181 1859 2230 comite
1886 2181 2050 2230 David
2081 2183 2226 2231 fratre
2260 2201 2367 2232 meo
2394 2213 2404 2222 ·

400 2270 610 2318 Ricardo
634 2269 694 2318 de
717 2267 925 2324 COoruile
939 2252 1327 2317 constabulario.-
1357 2266 1579 2334 Philippo
1603 2269 1662 2317 de
1685 2269 1902 2318 Valoniis
1931 2296 1944 2308 ·
1972 2269 2131 2318 Alano
2155 2270 2366 2334 dapifero
2391 2298 2402 2310 ·

398 2357 614 2407 Waltero
653 2356 891 2407 Olifard·
918 2353 1166 2410 Willelmo
1203 2355 1264 2403 de
1300 2354 1607 2421 Lyndesay·
1644 2356 1856 2406 Waltero
1896 2357 2128 2406 Corbet·
2166 2357 2404 2407 Willelmo

400 2446 644 2512 Cumyn
674 2443 884 2493 Ranulfo
915 2444 976 2493 de
1007 2442 1191 2492 Sules·
1227 2441 1402 2492 Swano
1432 2442 1529 2492 filio
1558 2443 1763 2494 Thore·
1798 2444 2036 2536 Willelmo
2071 2445 2167 2549 filio
2203 2445 2402 2495 Thore·

401 2534 530 2600 apud
554 2533 817 2598 Lillidqw·
