2808 3926
1066 383 1169 431 DE
1213 381 1751 432 INCHAFFERY.
2344 388 2408 433 35

399 539 458 588 de
482 540 619 587 firma
650 538 843 603 prediffi
867 537 1125 587 tenementi
1149 537 1208 586 de
1232 536 1575 586 Abbircarnich
1606 537 1699 585 fine
1732 535 2096 585 contradiffione
2123 534 2310 601 [nostri]
2336 534 2406 583 vel

398 627 626 675 heredum
652 627 914 675 nostrorum
936 625 1011 675 vel
1034 626 1364 692 affignatorum
1389 626 1627 690 quousque
1661 624 1856 690 predi&
1879 623 2075 687 religiosi
2107 632 2263 671 totum
2299 640 2408 688 pre-

400 716 576 764 diffitum
617 715 831 764 debitum
872 714 931 763 de
972 714 1180 780 predit‘Eta
1218 715 1354 762 firma
1394 714 1611 779 sepedicti
1646 713 1907 762 tenementi
1947 712 2007 761 de
2042 710 2407 777 Abbircarnych

401 805 534 853 diffis
570 803 782 853 terminis
816 804 931 852 ficut
966 803 1229 869 predi6mm
1264 804 1329 852 est
1363 802 1574 867 plenarie
1608 812 1656 851 et
1690 802 1872 868 integre
1906 801 2171 868 receperint
2205 801 2408 850 termino

401 894 552 959 prime
583 892 821 941 solutionis
853 892 973 942 diste
1003 891 1205 958 pecunie
1236 891 1491 957 incipiente
1522 892 1582 939 ad
1610 891 1777 939 festum
1809 890 2078 957 penticostis
2113 908 2238 939 anno
2261 890 2410 956 gratie

400 981 641 1030 millesimo
665 987 767 1030 ccm⁰
791 981 973 1030 decimo
997 982 1160 1029 ofitauo
1197 1006 1209 1020 ·
1246 980 1307 1028 In
1329 981 1464 1044 cujus
1487 980 1555 1029 rei
1585 979 1903 1031 testimonium
1936 979 2082 1028 literis
2116 979 2409 1045 presentibus

402 1069 600 1136 sigillum
637 1069 845 1118 nostrum
884 1067 1081 1116 fecimus
1121 1067 1298 1133 apponi
1340 1095 1350 1106 ·
1385 1067 1520 1116 Data
1552 1068 1682 1133 apud
1717 1067 1856 1117 Crese
1891 1066 1968 1116 die
2001 1067 2142 1116 fausti
2176 1066 2410 1116 Ambrosii

404 1177 529 1208 anno
576 1157 838 1224 supradicto
887 1183 899 1196 ·
956 1155 1064 1204 Hiis
1108 1155 1302 1204 testibus
1350 1155 1544 1204 domino
1597 1155 1808 1204 Roberto
1860 1155 1937 1204 dei
1992 1156 2144 1221 gratia
2197 1156 2410 1221 episcopo

404 1245 729 1295 Dunblanenfi
753 1270 766 1283 ·
792 1243 984 1293 domino
1009 1243 1227 1309 Eugenio
1250 1243 1311 1292 de
1335 1242 1550 1309 Argadia
1574 1269 1585 1281 -
1611 1243 1805 1292 domino
1829 1243 1886 1297 α)
1917 1270 1928 1284 ·
1959 1242 2193 1291 auunculo
2218 1244 2372 1292 nostro
2398 1270 2410 1283 ·

405 1330 596 1379 domino
633 1329 686 1378 N
711 1355 723 1368 ·
755 1329 931 1377 restore
963 1328 1149 1378 ecclesie
1177 1329 1237 1378 de
1266 1328 1406 1378 Crefe
1432 1358 1443 1369 ·
1476 1329 1680 1379 dominis
1710 1330 1760 1381 Gr
1790 1359 1802 1370 ·
1838 1330 1870 1379 J
1908 1358 1919 1370 ·
1954 1340 2002 1379 et
2030 1330 2072 1378 B
2108 1357 2120 1370 ·
2156 1330 2411 1379 re&oribus

406 1418 701 1469 ecclesiarum
735 1418 795 1467 de
825 1417 1005 1484 Comry
1035 1418 1095 1466 de
1127 1417 1393 1484 Buchfydir
1419 1419 1479 1468 de
1507 1418 1756 1485 COonyhge
1788 1445 1800 1458 ·
1836 1419 1881 1467 T
1908 1447 1919 1458 ·
1944 1419 2004 1467 de
2035 1418 2191 1485 Gorty
2218 1446 2229 1457 ·
2256 1418 2412 1467 Bricio

408 1509 467 1558 de
499 1507 756 1556 Ardrofl‘an
780 1516 829 1556 et
851 1506 1014 1555 multis
1036 1506 1137 1555 aliis
1175 1535 1186 1545 ·
1221 1507 1327 1557 Nos
1357 1525 1468 1557 vero
1500 1516 1549 1557 et
1582 1508 1780 1557 heredes
1804 1507 1946 1557 nostri
1972 1507 2047 1557 vel
2075 1507 2285 1574 affignati
2312 1525 2414 1572 pre-

409 1598 555 1647 dictas
589 1596 667 1644 sex
701 1613 881 1645 marcas
915 1597 1031 1645 ficut
1064 1596 1327 1662 predi6mm
1362 1598 1427 1646 est
1455 1597 1589 1646 dictis
1622 1597 1842 1664 religiosis
1876 1607 1924 1647 et
1958 1615 2121 1646 eorum
2154 1596 2417 1646 successori-

409 1690 498 1736 bus
534 1687 583 1734 in
617 1694 902 1752 perpetuum
931 1695 1094 1736 contra
1128 1704 1290 1737 omnes
1324 1686 1539 1737 homines
1567 1687 2000 1738 warrantizabimus
2036 1696 2083 1737 et
2113 1686 2417 1736 defendemus

412 1788 459 1828 et
483 1774 852 1842 acquietabimus
877 1801 889 1815 ·

424 2022 586 2088 Carta
610 2040 669 2088 de
692 2040 767 2088 via
790 2039 922 2106 apud
946 2040 1092 2089 Perth
1116 2058 1202 2107 per
1225 2041 1413 2108 nigrum
1435 2041 1611 2090 vadum
1636 2067 1647 2080 ·

329 2224 393 2272 36
425 2198 686 2266 Vniuerfis
706 2215 881 2265 Christi
903 2216 1118 2265 fidelibus
1142 2217 1328 2283 presens
1347 2217 1571 2284 scriptum
1587 2216 1747 2264 visuris
1765 2215 1838 2266 vel
1854 2216 2083 2266 audituris
2109 2216 2130 2283 [
2262 2213 2422 2280 ]filius

418 2306 542 2353 bone
565 2303 790 2352 memorie
805 2305 1043 2369 quondam
1061 2305 1238 2353 domini
1258 2306 1289 2354 J
1291 2305 1489 2354 ohannis
1509 2304 1701 2371 Cumyn
1724 2303 1920 2353 salutem
1939 2315 2149 2354 eternam
2162 2307 2211 2354 in
2232 2307 2423 2355 domino

418 2391 626 2440 Nouerit
657 2391 929 2440 vniuerfitas
956 2393 1108 2441 vestra
1141 2411 1225 2441 nos
1259 2411 1346 2459 pro
1380 2392 1526 2441 salute
1559 2393 1717 2442 anime
1749 2393 1901 2442 nostre
1933 2403 1981 2442 et
2009 2394 2165 2442 vxoris
2193 2396 2346 2443 nostre
2369 2413 2424 2443 ac

419 2482 676 2531 liberorum
719 2483 980 2530 nostrorum
1028 2492 1075 2531 et
1115 2483 1340 2548 precipue
1380 2500 1467 2548 pro
1507 2483 1667 2531 anima.
1712 2482 1872 2531 inclite
1916 2483 2140 2532 memorie
2185 2485 2424 2549 quondam

421 2571 600 2621 domini
623 2571 856 2620 Johannis
882 2571 1074 2639 Gumyn
1108 2572 1256 2638 patris
1291 2572 1434 2621 nostri
1468 2590 1523 2620 ac
1554 2572 1926 2638 predecessorum
1960 2573 2221 2621 nostrorum
2257 2573 2428 2622 dedifl’e

422 2670 470 2710 et
493 2660 751 2709 conceflifl'e
775 2670 823 2708 et
846 2660 934 2709 hac
957 2661 1161 2727 presenti
1184 2670 1314 2710 carta
1336 2662 1492 2709 nostra
1514 2661 1802 2710 confirmasse
1824 2678 1911 2727 pro
1939 2661 2073 2710 nobis
2102 2671 2150 2710 et
2176 2661 2428 2710 heredibus

422 2749 587 2798 nostris
611 2748 657 2795 in
684 2758 969 2814 perpetuum
994 2749 1083 2798 deo
1107 2762 1154 2798 et
1175 2750 1314 2799 beate
1336 2749 1492 2804 COarie
1510 2767 1564 2798 ac
1587 2749 1739 2798 sancto
1758 2749 1790 2798 J
1792 2749 1966 2809 ohnanni
1989 2749 2194 2815 apostolo
2218 2760 2265 2798 et
2288 2768 2428 2798 euan-

422 2837 581 2904 geliste
605 2847 651 2886 et
675 2837 784 2886 viris
814 2837 1035 2903 religiosis
1064 2838 1223 2887 abbati
1254 2848 1302 2887 et
1333 2838 1589 2887 conuentui
1621 2838 1896 2892 monasterii
1919 2839 1978 2886 de
2005 2838 2028 2886 I
2033 2838 2161 2886 nsula
2183 2839 2427 2892 missarum

425 2936 472 2975 et
495 2943 657 2975 eorum
681 2925 950 2974 hominibus
975 2926 1025 2974 in
1047 2944 1215 2992 puram
1241 2937 1288 2976 et
1311 2935 1590 2993 perpetuam
1614 2926 1908 2976 elemosinam
1932 2926 2124 2975 liberam
2154 2927 2428 2992 potestatem

402 3012 696 3064 'transeundi
720 3032 827 3063 cum
857 3014 1137 3064 animalibus
1168 3015 1403 3082 carriagiis
1435 3025 1482 3064 et
1513 3015 1615 3064 aliis
1646 3015 1782 3064 bonis
1813 3015 1902 3063 suis
1932 3033 2018 3081 per
2044 3015 2279 3081 publicam
2303 3015 2425 3063 viam

425 3120 515 3167 que
561 3102 693 3151 ducit
740 3120 768 3151 a
812 3103 941 3151 dicto
977 3104 1251 3158 monasterio
1292 3121 1378 3168 per
1415 3103 1602 3169 nigrum
1651 3103 1825 3151 vadum
1872 3103 1998 3167 quod
2043 3103 2208 3151 scotice
2255 3103 2428 3151 dicitur
