2808 3926
1239 364 1605 409 APPENDIX.
2288 361 2418 404 xxxiii

409 504 653 553 annuatim
686 506 787 572 ipse
817 515 866 557 et
896 507 1091 558 heredes
1115 508 1188 557 sui
1213 507 1286 559 vel
1307 508 1382 557 sui
1403 507 1630 575 assignati
1645 504 1792 555 michi
1806 514 1855 555 et
1876 503 2131 554 heredibus
2154 503 2274 553 meis
2297 520 2415 568 que-

407 593 517 641 dam
547 592 744 643 calcaria
773 595 999 646 deaurata
1029 595 1108 647 vel
1134 613 1219 646 sex
1249 596 1466 646 denarios
1496 596 1560 645 ad
1590 595 1922 644 Pentecostem
1952 608 2040 658 pro
2072 589 2202 640 omni
2225 589 2413 640 servitio

407 682 747 732 consuetudine
770 684 1015 734 exactione
1037 692 1086 734 et
1108 683 1343 734 demanda.
1365 682 1563 733 seculari
1594 682 1733 732 Salvo
1755 681 1988 731 forinseco
2009 678 2198 728 servitio
2221 677 2413 727 domino

410 770 534 835 Regi
556 780 788 836 quantum
817 772 1022 839 pertinet
1046 772 1108 821 ad
1131 782 1307 822 terram
1338 771 1716 839 prenominatam
1739 769 1846 836 Ego
1869 785 1982 818 vero
2006 766 2157 816 dicStus
2181 763 2410 820 malesius

406 867 453 905 et
468 858 664 907 heredes
678 859 772 908 mei
786 859 912 909 dicto
937 859 1153 910 Gilberto
1167 868 1216 909 et
1238 859 1490 909 heredibus
1514 859 1611 907 suis
1633 858 1707 907 vel
1721 858 1819 907 suis
1833 855 2080 922 assignatis
2105 862 2279 903 terram
2299 870 2410 919 pre-

406 946 698 996 nominatam
722 965 810 1014 pro
833 948 1023 998 servitio
1046 948 1257 1015 predicto
1280 947 1423 997 michi
1446 958 1496 997 et
1513 947 1765 997 heredibus
1781 946 1899 995 meis
1915 943 2165 994 annuatim
2183 942 2409 992 solvendo

404 1042 570 1083 contra
591 1051 754 1084 omnes
777 1035 996 1086 homines
1019 1045 1068 1085 et
1089 1035 1289 1085 feminas
1312 1034 1751 1084 warrantizabimus
1774 1031 2149 1098 acquietabimus
2172 1040 2220 1080 et
2243 1030 2407 1080 defen-

343 1116 352 1128 *
403 1122 635 1171 demusin
657 1132 941 1189 perpetuum
965 1123 1026 1172 In
1049 1124 1186 1190 cujus
1207 1122 1277 1172 rei
1299 1122 1626 1172 testimonium
1648 1130 1916 1188 presentem
1940 1129 2118 1169 cartam
2146 1118 2285 1184 sigilli
2312 1120 2406 1168 mei

301 2178 358 2221 14

401 1209 710 1275 impressione
743 1210 959 1259 roboravi
1013 1210 1238 1259 Testibus
1273 1209 1618 1259 venerabilibus
1657 1208 1870 1274 patribus
1915 1207 2119 1256 dominis
2157 1205 2405 1271 Clemente

401 1296 623 1363 episcopo
657 1296 1008 1347 Dumblanensi
1041 1297 1092 1346 A
1117 1325 1128 1336 ·
1153 1298 1324 1347 abbate
1358 1298 1418 1347 de
1453 1296 1618 1346 Insula
1651 1296 1911 1352 missarum
1947 1294 2151 1344 dominis
2188 1293 2406 1344 Gilberto

399 1385 459 1434 de
499 1385 773 1452 Glencarny
802 1384 1062 1440 malcolmo
1090 1386 1150 1435 de
1188 1385 1407 1440 COoravia
1447 1385 1671 1435 Grilberto
1710 1385 1771 1433 de
1808 1383 2037 1433 Ruthven
2087 1382 2123 1432 J
2125 1382 2309 1432 oachim
2345 1383 2404 1431 de

397 1471 580 1522 Knibet
614 1472 840 1522 militibus
876 1473 926 1522 N
929 1472 1109 1522 icholao
1149 1473 1404 1522 camerario
1447 1471 1669 1523 Gilberto
1710 1471 1808 1520 filio
1848 1471 2032 1520 comitis
2079 1470 2302 1521 Gilberto
2344 1472 2404 1519 de

399 1560 582 1609 Knibet
618 1559 819 1615 COalesio
836 1560 935 1609 filio
958 1560 1146 1610 Aneeul
1185 1561 1423 1610 Duncano
1439 1560 1498 1609 de
1513 1559 1680 1626 Durry
1717 1558 1959 1608 willelmo
1979 1558 2147 1609 clerico
2170 1568 2218 1607 et
2241 1557 2403 1607 multis

395 1645 498 1713 alijs
517 1674 529 1686 ·

406 1893 660 1970 Coalisius
684 1927 840 1960 comes
863 1911 945 1960 dat
969 1912 1208 1962 Amabilie
1232 1913 1378 1979 ipsius
1394 1913 1538 1962 sorori
1553 1922 1726 1962 terram
1749 1913 1809 1962 de
1834 1912 2142 1979 Kyncardyn,
2166 1912 2228 1961 ad
2250 1912 2401 1978 ipsam

395 1998 708 2047 maritandam
736 2026 747 2037 ·
782 1999 920 2065 Orig.
944 2001 999 2048 in
1021 2001 1230 2050 archivis
1251 2001 1412 2050 Ducis
1435 2002 1492 2050 de
1510 2002 1772 2051 Montrose.

403 2155 583 2223 Sciant
613 2192 779 2225 omnes
810 2185 909 2225 tam
939 2177 1180 2243 presentes
1211 2194 1355 2243 quam
1385 2177 1534 2227 futuri
1565 2177 1693 2244 quod
1716 2177 1823 2244 Ego
1847 2176 2058 2232 COalifius
2082 2193 2240 2226 comes
2265 2176 2400 2227 Stra-

393 2264 512 2313 hern
532 2263 642 2312 dedi
659 2265 854 2314 conceffi
872 2273 920 2313 et
942 2264 1032 2314 hac
1055 2265 1260 2331 presenti
1283 2274 1413 2314 carta
1435 2283 1542 2315 mea
1564 2265 1842 2315 confirmaui
1868 2263 2107 2313 Amabilie
2129 2264 2271 2314 sorori
2296 2282 2400 2313 mee

393 2352 455 2400 ad
486 2352 631 2417 ipsam
663 2352 978 2401 maritandam
1010 2361 1161 2402 totam
1192 2362 1368 2402 terram
1399 2353 1458 2402 de
1483 2352 1784 2420 Kynkardyn
1809 2352 1859 2400 in
1884 2351 2070 2401 Kather
2091 2351 2283 2401 leuenas
2306 2369 2398 2417 que

391 2448 463 2488 est
487 2441 630 2503 juxta
659 2439 1081 2490 Hudterhardouer
1110 2441 1206 2489 fine
1233 2439 1391 2507 aliquo
1414 2441 1727 2490 retinemento
1754 2469 1766 2479 ·
1791 2440 1841 2489 in
1865 2440 2004 2490 bosco
2032 2468 2042 2479 ·
2068 2439 2120 2487 in
2142 2439 2286 2506 plano
2312 2468 2322 2479 ·
2347 2440 2395 2487 in

391 2530 539 2595 pratis
578 2558 589 2569 ·
622 2529 673 2578 in
705 2530 888 2596 pascuis
921 2558 933 2570 ·
967 2530 1017 2579 in
1049 2531 1193 2580 moris
1225 2541 1273 2580 et
1299 2532 1505 2581 mariscis
1534 2559 1546 2571 ·
1583 2532 1643 2581 In
1675 2531 1890 2598 stangnis
1922 2541 1970 2581 et
1997 2530 2280 2580 molendinis
2311 2548 2398 2597 per

392 2635 556 2667 omnes
586 2619 734 2668 rastas
765 2618 935 2667 diuisas
964 2619 1070 2668 suas
1099 2628 1148 2668 et
1187 2637 1297 2668 cum
1334 2621 1554 2669 omnibus
1577 2619 1873 2669 libertatibus
1897 2619 2193 2686 ayfiamentis
2217 2627 2265 2668 et
2288 2636 2393 2667 cum

392 2706 613 2756 omnibus
635 2705 737 2754 aliis
754 2707 892 2771 justis
917 2708 1216 2771 pertinentiis
1239 2708 1302 2757 ad
1325 2709 1499 2758 (licitam
1523 2718 1698 2757 terram
1727 2708 2078 2775 pertinentibus
2103 2735 2116 2747 ·
2140 2708 2397 2757 tenendam

390 2805 438 2843 et
461 2795 728 2844 habendam
751 2795 873 2844 dicte
900 2795 1136 2846 Amabilie
1160 2806 1208 2845 et
1230 2796 1485 2846 heredibus
1507 2797 1600 2846 suis
1625 2797 1685 2846 de
1708 2814 1907 2863 corpore
1930 2797 2011 2845 suo
2034 2796 2319 2845 exeuntibus
2337 2795 2396 2843 de

391 2902 467 2933 me
490 2893 538 2932 et
559 2883 813 2934 heredibus
836 2884 954 2933 meis
978 2884 1317 2951 inperpetuum
1340 2885 1409 2934 ita
1430 2884 1577 2934 libere
1602 2894 1650 2934 et
1667 2886 1825 2951 quiete
1849 2884 2059 2951 plenarie
2078 2893 2125 2932 et
2143 2883 2396 2932 honorifice

390 2973 450 3020 ab
485 2971 615 3020 omni
648 2971 847 3021 seculari
882 2972 1064 3021 afflone
1105 2982 1153 3022 et
1192 2973 1430 3022 demanda
1467 2974 1585 3022 ficut
1626 2973 1820 3039 aliquod
1859 2972 2165 3039 maritagium
2205 2971 2253 3018 in
2294 2980 2395 3019 toto

389 3076 536 3125 regno
570 3059 728 3110 Scotie
758 3060 953 3110 liberius
986 3061 1190 3126 quietius
1219 3061 1406 3128 plenius
1430 3073 1479 3113 et
1513 3061 1904 3113 honorificencius
1937 3061 1997 3109 ab
2030 3058 2188 3124 aliquo
2222 3058 2395 3107 comite

2043 3187 2070 3218 e
