2808 3926
452 380 522 424 22
1220 372 1693 424 REGISTRUM

453 539 501 579 et
525 529 778 579 heredibus
810 529 925 577 meis
949 537 996 576 et
1034 527 1266 592 aflignatis
1290 536 1338 575 et
1369 544 1532 575 eorum
1555 527 1808 577 heredibus
1832 529 1882 577 in
1906 530 2199 579 excambium
2223 548 2310 596 pro
2333 541 2459 581 terra

452 617 512 666 de
554 617 749 667 Gullath
785 615 980 664 donauit
1020 623 1068 662 et
1108 614 1323 662 conceffit
1363 632 1506 679 quam
1546 615 1736 680 quidem
1771 625 1944 665 terram
1985 617 2046 666 de
2082 617 2272 667 Cullath
2308 619 2459 668 dictus

452 722 605 754 comes
630 722 688 753 ex
712 703 930 752 consensu
951 718 1056 750 meo
1080 700 1170 749 deo
1193 710 1241 749 et
1265 700 1449 750 ecclesie
1473 701 1532 750 de
1555 701 1866 751 Dumblanefi
1890 703 1939 751 in
1953 714 2238 770 perpetuum
2263 708 2459 772 affigna—

451 793 521 841 uit
546 791 799 840 Tenendas
823 799 871 838 et
893 788 1133 837 habendas
1155 788 1238 837 fibi
1261 796 1310 837 et
1333 789 1423 837 suis
1446 790 1772 839 successoribus
1796 792 1855 840 de
1881 809 1958 840 me
1989 802 2036 841 et
2065 792 2317 842 heredibus
2343 795 2460 843 meis

451 891 498 929 et
521 878 753 945 assignatis
777 878 824 924 in
849 885 1131 943 perpetuum
1155 876 1208 924 in
1231 894 1399 942 puram
1425 886 1471 926 et
1494 887 1772 944 perpetuam
1797 879 2081 928 elimosinam
2099 880 2243 930 libere
2265 882 2461 946 pacifice

451 979 498 1017 et
521 968 679 1033 quiete
703 967 762 1014 ab
786 965 916 1014 omni
940 964 1181 1014 exacStione
1203 964 1396 1014 seculari
1421 974 1470 1015 et
1493 967 1826 1017 consuetudine
1849 977 1897 1017 et
1921 969 2156 1018 demanda
2189 998 2200 1009 ·
2234 970 2294 1018 In
2325 971 2461 1036 cujus

447 1057 515 1105 rei
554 1054 871 1104 testimonium
905 1053 996 1102 hiis
1035 1052 1183 1102 literis
1217 1052 1417 1119 sigillum
1451 1071 1610 1103 meum
1645 1055 1841 1121 apposui
1877 1055 1985 1104 Hiis
2022 1057 2239 1105 Testibus
2267 1057 2461 1106 domino

449 1145 660 1193 Roberto
706 1143 784 1192 dei
829 1142 981 1209 gratia
1020 1142 1236 1208 episcopo
1283 1142 1610 1192 Dunblanenfi
1661 1174 1670 1183 ·
1719 1145 1948 1211 magistro
1984 1145 2191 1195 Ricardo
2231 1145 2460 1213 magistro

448 1233 479 1282 J
482 1233 667 1282 ohanne
690 1232 749 1280 de
772 1231 913 1297 Logy
928 1230 1135 1295 ejusdem
1158 1230 1343 1279 ecclefie
1362 1232 1600 1281 canonicis
1627 1262 1637 1272 ·
1662 1233 1855 1282 domino
1874 1233 1906 1282 J
1923 1234 2102 1283 decano
2129 1263 2139 1273 ·
2165 1235 2356 1284 domino
2374 1235 2427 1283 N
2447 1263 2459 1273 ·

447 1322 622 1370 rectore
645 1319 829 1369 ecclefie
853 1319 914 1368 de
939 1319 1079 1368 Grese
1103 1346 1115 1358 ·
1140 1319 1378 1368 Trestram
1403 1320 1463 1369 de
1488 1321 1645 1387 Gorty
1670 1350 1680 1360 ·
1706 1322 1816 1371 Ach
1839 1332 1886 1372 et
1901 1323 2111 1377 COonach
2134 1323 2239 1371 filiis
2253 1323 2419 1390 Alpini
2445 1351 2456 1362 ·

449 1419 496 1458 et
521 1408 679 1457 Bricio
703 1408 913 1474 dapifero
938 1433 950 1446 ·
977 1417 1022 1456 et
1041 1406 1205 1456 multis
1228 1407 1328 1456 aliis
1349 1436 1360 1447 ·
1378 1408 1511 1458 Data
1527 1411 1656 1476 apud
1675 1410 1877 1458 Insulam
1892 1411 2137 1465 missarum
2161 1429 2286 1462 anno
2309 1411 2459 1476 gratie

448 1500 680 1552 ‹oillefimo
705 1505 807 1549 ccm⁰
831 1500 1164 1566 septuagesimo
1187 1499 1340 1564 primo
1364 1500 1440 1548 die
1463 1499 1604 1548 sansti
1620 1498 1888 1550 ‚Clementis
1910 1516 2034 1564 pape
2058 1508 2105 1547 et
2128 1500 2330 1549 martiris
2358 1528 2368 1538 -

454 1749 614 1815 Carta
638 1765 840 1815 Tebaldi
864 1766 924 1815 de
950 1783 1041 1815 vno
1065 1765 1185 1814 tofto
1209 1774 1256 1814 et
1281 1765 1466 1813 duabus
1491 1765 1610 1814 acris
1634 1775 1760 1814 terre
1785 1765 1834 1813 in
1859 1764 2097 1831 Petlandy
2125 1793 2135 1803 ·

349 1941 421 1986 ,20
450 1924 707 1991 Omnibus
734 1943 887 1991 &mite
919 1942 1080 1997 matris
1109 1941 1295 1990 ecclefie
1326 1941 1432 1990 filiis
1461 1943 1648 2007 presens
1676 1942 1900 2009 scriptum
1935 1943 2099 1990 visuris
2124 1942 2194 1991 vel
2226 1942 2458 1991 audituris

448 2031 688 2081 Tebaldus
711 2031 834 2080 filius
867 2029 1093 2080 Willelmi
1116 2030 1196 2095 filij
1227 2030 1488 2079 Clementis
1512 2029 1708 2078 salutem
1745 2057 1756 2068 ·
1795 2029 1960 2079 Sciant
1982 2031 2219 2096 presentes
2242 2040 2290 2078 et
2311 2029 2460 2078 futuri

446 2138 522 2168 me
546 2120 707 2169 diuine
731 2119 937 2168 caritatis
961 2119 1138 2167 intuitu
1156 2118 1328 2167 dedisse
1354 2126 1401 2167 et
1425 2118 1682 2167 conceffiffe
1706 2126 1754 2166 et
1776 2117 1866 2166 hac
1889 2127 2021 2166 carta
2043 2135 2149 2166 mea
2172 2118 2460 2166 confirmasse

447 2208 534 2256 deo
567 2218 615 2256 et
649 2209 786 2256 beate
821 2207 977 2259 COarie
1013 2216 1061 2255 et
1087 2207 1228 2256 beato
1252 2205 1464 2255 Johanni
1498 2205 1706 2272 apostolo
1741 2216 1789 2254 et
1821 2205 2107 2272 euangeliste
2142 2215 2189 2254 et
2220 2205 2380 2254 abbati
2411 2214 2459 2253 et

446 2297 704 2346 conuentui
733 2298 792 2345 de
822 2296 981 2344 Insula
1009 2296 1256 2350 COiffarum
1291 2295 1342 2342 in
1376 2313 1547 2361 puram
1581 2304 1629 2344 et
1665 2279 1948 2361 perpetuam
1979 2294 2275 2343 elemosinam
2311 2312 2459 2342 vnum

448 2386 648 2434 croftum
670 2386 749 2434 sex
771 2394 1070 2451 percatarum
1093 2383 1404 2450 longitudinis
1425 2393 1473 2433 et
1492 2384 1568 2432 sex
1586 2383 1852 2432 latitudinis
1867 2401 1977 2432 cum
1995 2383 2179 2431 duabus
2197 2383 2316 2432 acris
2334 2393 2458 2432 terre

447 2475 496 2521 in
513 2474 622 2522 villa
644 2491 750 2522 mea
769 2473 1004 2538 Petlandy
1021 2473 1239 2521 videlicet
1263 2473 1313 2520 in
1336 2490 1449 2538 agro
1474 2472 1556 2536 qui
1579 2472 1752 2521 dicitur
1768 2471 1996 2521 ficheleris
2018 2472 2101 2520 flat
2124 2482 2171 2520 et
2195 2490 2304 2520 cum
2328 2489 2455 2520 com-

448 2562 582 2610 muni
604 2563 791 2627 pastura
814 2571 920 2611 octo
943 2579 1193 2610 vaccarum
1216 2570 1264 2610 et
1287 2561 1529 2627 sexaginta
1551 2561 1714 2609 ouium
1737 2570 1785 2609 et
1803 2561 2004 2609 duorum
2024 2577 2252 2625 equorum
2277 2570 2324 2609 et
2349 2578 2455 2608 cum

449 2650 668 2698 omnibus
692 2649 794 2698 aliis
817 2649 1150 2698 communibus
1173 2649 1455 2698 aifiamentis
1477 2649 1687 2714 predi&e
1710 2648 1818 2697 ville
1849 2649 2136 2716 Tenendum
2159 2649 2242 2696 fibi
2269 2649 2317 2696 in
2346 2667 2458 2715 per-

449 2749 649 2804 petuum
673 2738 732 2786 de
754 2755 831 2786 me
855 2747 903 2787 et
925 2737 1179 2786 heredibus
1203 2736 1320 2785 meis
1342 2735 1489 2785 libere
1511 2736 1669 2801 quiete
1698 2735 1908 2802 plenarie
1936 2746 1983 2785 et
2009 2736 2265 2785 honorifice
2301 2765 2313 2776 ·
2350 2737 2456 2803 Ego

449 2845 560 2876 vero
591 2836 640 2876 et
670 2826 869 2876 heredes
903 2825 999 2874 mei
1031 2825 1154 2874 hanc
1191 2825 1392 2874 eandem
1426 2824 1723 2874 elemosinam
1754 2825 1820 2873 eis
1852 2835 2018 2874 contra
2044 2843 2208 2874 omnes
2242 2826 2458 2875 homines

448 2915 885 2963 warrantizabimus
909 2923 957 2963 et
979 2913 1175 2962 liberam
1195 2922 1242 2962 et
1260 2912 1468 2978 quietam
1491 2913 1550 2961 ab
1574 2912 1704 2961 omni
1722 2913 1961 2962 exactione
1984 2922 2032 2963 et
2054 2914 2244 2963 seruicio
2266 2915 2459 2964 seculari

448 3004 672 3053 faciemus
706 3033 717 3043 ·
747 3004 806 3052 In
828 3003 973 3069 hujus
1001 3002 1070 3051 rei
1093 3001 1413 3051 testimonium
1442 3001 1553 3050 huic
1583 3000 1751 3067 scripto
1785 3001 1986 3068 sigillum
2019 3019 2181 3051 meum
2215 3005 2407 3070 apposui
2444 3033 2454 3043 -

447 3103 496 3141 vt
530 3102 688 3142 autem
722 3091 810 3140 hec
843 3108 950 3140 mea
985 3090 1178 3139 donatio
1212 3088 1456 3156 perpetuis
1490 3099 1594 3138 rata
1628 3089 1924 3155 temporibus
1957 3100 2236 3156 permaneat
2270 3092 2332 3140 ad
2366 3091 2455 3141 hoc
