2808 3926
1225 333 1585 375 APPENDIX.
2298 326 2397 368 xxxi

393 480 755 530 contradictores
785 480 824 527 si
856 479 937 544 qui
967 477 1144 527 fuerint
1172 487 1220 526 et
1250 475 1448 526 rebelles
1471 492 1557 542 per
1579 491 1828 524 censuram
1851 473 2211 523 ecclesiasticam
2233 472 2395 538 appel-

390 570 566 618 latione
590 568 850 633 postposita
872 565 1211 631 compescendo
1245 593 1255 603 ·
1288 564 1475 613 Datum
1493 563 1696 612 Viterbii
1719 563 1786 611 iii⁰
1810 562 1927 611 Idus
1943 561 2077 612 Junii
2094 559 2394 626 pontificatus

390 656 537 705 nostri
567 673 692 704 anno
723 657 769 720 xj
809 682 822 694 ·
863 654 1025 720 Hujus
1056 652 1200 719 igitur
1229 651 1508 701 auctoritate
1541 650 1752 699 mandati
1791 667 1900 698 cum
1934 658 2032 698 tam
2066 648 2216 698 dietus
2251 647 2394 714 Epis-

389 762 535 809 copus
558 742 914 791 Dunblanensis
944 758 1087 807 quam
1109 739 1330 790 Valterus
1356 739 1581 806 Cumyng
1611 756 1767 788 comes
1801 739 1861 788 de
1891 737 2115 787 Menteth
2149 737 2199 785 in
2234 746 2394 785 nostra

387 831 624 897 presentia
663 840 820 880 essent
851 828 1096 879 constituti
1127 837 1236 895 post
1280 827 1607 876 altercationes
1651 825 1938 876 ordinationi
1978 835 2137 874 nostre
2181 841 2232 874 se
2277 825 2390 872 sub-

381 920 601 983 jecerunt
635 935 778 984 super
813 917 1032 967 omnibus
1066 915 1446 965 contentionibus
1480 925 1528 963 et
1563 914 1764 979 querelis
1804 913 1929 963 inter
1965 913 2091 980 ipsos
2131 912 2272 961 motis
2317 912 2390 961 vel

385 1024 476 1070 que
492 1005 646 1071 aliquo
664 1016 877 1071 tempore
899 1003 1110 1071 poterint
1132 1020 1275 1069 super
1297 1001 1603 1068 infrascriptis
1625 1001 1802 1050 moveri
1823 1011 1870 1050 et
1894 1018 2038 1067 super
2060 1000 2388 1050 reformatione

383 1103 534 1143 status
557 1091 768 1142 Ecclesie
790 1090 1147 1140 Dunblanensis
1162 1111 1179 1147 J
1194 1105 1281 1138 nos
1304 1088 1464 1137 habito
1482 1104 1594 1137 vero
1610 1088 1816 1136 virorum
1835 1088 2142 1152 prudentium
2160 1087 2350 1137 consilio
2369 1110 2385 1145 l

383 1181 431 1228 in
463 1180 590 1228 hunc
623 1179 820 1229 modum
854 1179 978 1227 inter
1011 1194 1091 1227 eos
1125 1175 1444 1225 ordinavimus
1469 1197 1484 1232 J
1509 1173 1726 1223 videlicet
1762 1173 1909 1232 Quod
1944 1174 2096 1224 dictus
2125 1161 2395 1242 Episcopus·

383 1266 739 1316 Dunblanensis
779 1265 970 1314 nomine
1006 1262 1218 1312 Ecclesie
1253 1280 1337 1311 sue
1367 1279 1453 1328 pro
1483 1279 1534 1311 se
1565 1271 1614 1311 et
1643 1262 1995 1311 successoribus
2027 1261 2126 1310 suis
2163 1264 2384 1311 omnibus

379 1355 624 1404 renunciet
663 1354 793 1403 omni
824 1353 922 1420 juri
960 1351 1088 1418 quod
1119 1350 1345 1417 Episcopi
1374 1350 1449 1399 vel
1476 1359 1794 1400 antecessores
1831 1350 1906 1399 sui
1943 1350 2132 1399 nomine
2173 1350 2383 1400 Ecclesie

379 1441 736 1491 Dunblanensis
751 1441 1017 1490 habuerunt
1034 1438 1109 1488 vel
1127 1439 1299 1488 habere
1316 1448 1575 1504 potuerunt
1591 1438 1666 1488 vel
1683 1439 1893 1505 poterint
1911 1438 1958 1487 in
1978 1439 2114 1488 terris
2135 1438 2209 1488 vel
2233 1439 2381 1488 dena-

375 1530 455 1578 riis
484 1530 685 1595 receptis
715 1529 775 1577 de
807 1528 941 1577 terris
971 1537 1019 1577 et
1048 1528 1097 1576 in
1122 1526 1252 1576 canis
1275 1527 1495 1575 omnibus
1520 1525 1730 1576 Ecclesie
1754 1536 1802 1575 et
1823 1526 2028 1575 denariis
2053 1526 2296 1574 annuatim
2321 1527 2379 1574 ab

377 1617 597 1666 Ecclesiis
622 1617 870 1665 comitatus
890 1615 949 1664 de
967 1614 1192 1663 Menteth
1209 1614 1260 1662 in
1276 1614 1446 1680 quibus
1465 1614 1615 1662 dffius
1634 1631 1789 1662 comes
1806 1616 1888 1679 jus
1905 1613 2085 1662 obtinet
2103 1623 2377 1680 patronatus

374 1707 563 1755 nomine
586 1704 823 1770 pensionis
847 1703 1082 1770 perceptis
1107 1712 1160 1751 ut
1191 1702 1376 1751 dicebat
1394 1702 1543 1751 dictus
1568 1702 1865 1768 Episcopus]
1890 1712 1938 1751 et
1966 1701 2183 1750 omnibus
2207 1719 2376 1766 quere-

371 1794 427 1841 lis
450 1793 765 1842 exactionibus
788 1791 861 1840 vel
885 1791 1130 1840 demandis
1154 1790 1277 1839 inter
1299 1807 1378 1839 eos
1402 1790 1542 1839 motis
1565 1790 1637 1839 vel
1662 1809 1753 1856 que
1783 1789 1938 1855 aliquo
1954 1800 2165 1856 tempore
2188 1790 2248 1838 ab
2272 1790 2374 1856 ipso

371 1881 443 1929 vel
471 1880 843 1929 antecessoribus
871 1879 968 1927 suis
997 1888 1160 1926 contra
1183 1877 1359 1926 dictum
1383 1877 1603 1926 comitem
1627 1877 1702 1927 vel
1723 1887 2040 1927 antecessores
2063 1896 2171 1926 suos
2195 1878 2371 1927 moveri

369 1977 586 2033 poterant
609 1967 682 2015 vel
699 1975 922 2031 poterunt
946 1982 1088 2030 supra
1114 1965 1338 2031 predictis
1376 1993 1386 2003 -
1421 1965 1742 2014 ordinavimus
1770 1965 1912 2014 etiam
1944 1966 2072 2031 quod
2096 1965 2278 2015 licitum
2309 1967 2370 2015 sit

368 2055 489 2104 dicto
531 2054 689 2103 comiti
731 2064 778 2102 et
818 2052 1163 2119 successoribus
1204 2051 1300 2100 suis
1337 2052 1533 2100 domum
1571 2052 1779 2101 virorum
1818 2052 2146 2119 religiosorum
2188 2053 2366 2102 ordinis

369 2143 528 2191 Sancti
553 2142 810 2208 Augustini
832 2142 882 2190 in
905 2139 1059 2189 insula
1076 2141 1135 2190 de
1154 2140 1598 2206 Inchmaquhomok
1616 2151 1888 2190 construere
1905 2141 2007 2190 sine
2024 2142 2363 2208 impedimento

363 2232 435 2281 vel
469 2231 832 2281 contradictione
866 2231 976 2280 dicti
1013 2226 1236 2296 Episcopi
1270 2229 1345 2278 vel
1378 2246 1701 2279 successorum
1735 2247 1930 2278 suorum
1964 2258 1974 2269 ·
2000 2231 2361 2297 Assignavimus

361 2320 503 2368 etiam
526 2337 583 2368 ex
608 2319 853 2368 collatione
876 2318 989 2368 dicti
1013 2318 1196 2367 comitis
1220 2328 1268 2367 et
1291 2318 1351 2366 de
1373 2317 1615 2367 voluntate
1639 2328 1687 2367 et
1709 2335 1903 2368 assensu
1925 2318 2036 2367 dicti
2060 2319 2286 2385 Episcopi
2308 2320 2358 2368 in

359 2425 527 2471 puram
550 2417 598 2456 et
620 2417 898 2471 perpetuam
922 2405 1215 2455 elimosinam
1239 2405 1328 2454 illis
1350 2405 1461 2456 viris
1484 2405 1711 2472 religiosis
1735 2405 1784 2455 in
1807 2406 1930 2455 dicta
1952 2406 2105 2455 insula
2127 2405 2236 2456 Deo
2255 2425 2354 2457 ser-

357 2495 587 2543 vientibus
612 2493 846 2543 Ecclesias
870 2494 929 2542 de
952 2493 1125 2560 Lanyn
1141 2503 1188 2542 et
1212 2494 1271 2541 de
1294 2493 1417 2542 dicta
1438 2493 1593 2542 insula
1615 2511 1722 2542 cum
1749 2493 1970 2542 omnibus
1991 2493 2285 2543 libertatibus
2308 2507 2356 2544 et

354 2582 638 2631 aisiamentis
671 2582 733 2630 ad
767 2581 913 2630 dictas
950 2580 1184 2630 Ecclesias
1230 2581 1577 2647 pertinentibus
1601 2602 1618 2637 s
1643 2580 1781 2629 salvis
1822 2581 2182 2648 Episcopalibus
2223 2583 2353 2632 dicto

354 2670 591 2735 Episcopo
627 2679 674 2718 et
708 2668 1053 2719 successoribus
1086 2668 1184 2717 suis
1217 2697 1227 2707 ·
1254 2667 1320 2717 Et
1353 2667 1600 2717 sciendum
1634 2678 1707 2718 est
1741 2669 1869 2734 quod
1903 2687 1999 2719 non
2034 2670 2194 2720 licebit
2228 2672 2351 2722 di‹‘?to

353 2758 588 2823 Episcopo
612 2756 684 2806 vel
707 2756 1055 2806 successoribus
1079 2756 1174 2805 suis
1198 2756 1247 2804 in
1271 2755 1405 2805 dictis
1428 2756 1612 2804 duabus
1635 2756 1858 2806 Ecclesiis
1880 2768 2133 2824 perpetuos
2156 2761 2350 2811 vicarios

349 2845 500 2894 facere
528 2844 614 2893 sed
642 2844 829 2894 honesti
846 2842 1075 2910 capellani
1098 2843 1339 2909 Episcopo
1361 2853 1696 2908 presententur
1717 2844 1799 2910 qui
1821 2844 1912 2911 ipsi
1942 2846 2002 2895 de
2028 2833 2142 2896 cura
2167 2848 2348 2898 anima-

347 2956 452 2987 rum
476 2948 524 2987 et
546 2939 606 2987 de
629 2938 949 3005 spiritualibus
972 2948 1019 2988 et
1043 2937 1402 3004 Episcopalibus
1424 2939 1740 3003 respondeant
1766 2968 1777 2979 ·
1798 2939 2134 2990 Ordinavimus
2157 2943 2347 3009 insuper

346 3038 400 3078 ut
418 3027 567 3078 dictus
584 3043 740 3076 comes
763 3043 849 3093 pro
872 3044 922 3076 se
946 3035 994 3076 et
1007 3025 1352 3075 successoribus
1369 3026 1466 3076 suis
1483 3026 1709 3078 concedat
1726 3036 1774 3077 et
1792 3028 1995 3097 assignet
2013 3028 2267 3080 Ecclesiam
2285 3031 2344 3082 de
