2808 3926
1050 384 1152 431 DE
1196 383 1730 434 INCHAFFERY.
2339 392 2402 437 33

401 548 448 588 et
479 537 747 587 habendam
788 539 837 587 in
872 549 1159 605 perpetuum
1191 539 1362 589 eisdem
1393 539 1615 606 religiosis
1650 550 1698 588 et
1735 538 2062 588 successoribus
2100 539 2192 587 suis
2233 540 2292 589 de
2333 559 2407 590 me

399 627 650 676 heredibus
674 627 790 676 meis
826 638 872 676 et
904 628 1230 677 successoribus
1254 630 1312 677 ab
1338 628 1579 678 exaffione
1611 627 1802 677 seculari
1833 628 1899 677 ita
1928 627 2072 677 libere
2103 628 2261 693 quiete
2291 630 2406 678 ficut

398 716 553 782 aliqua
587 728 711 766 terra
742 717 931 765 liberius
966 718 1043 766 seu
1078 717 1287 782 quiecius
1315 735 1343 766 a
1370 718 1544 767 barone
1578 717 1652 766 vel
1686 716 1830 772 ‹oilite
1865 717 1967 765 dari
1997 718 2149 783 potest
2182 717 2256 766 vel
2291 735 2406 767 con-

396 805 506 853 ferri
543 833 553 843 -
590 804 715 853 saluo
750 804 973 853 forinseco
1007 805 1198 854 seruicio
1234 805 1415 853 domini
1443 805 1586 854 nostri
1615 805 1763 871 Regis
1800 814 1847 854 et
1880 805 2097 854 faciendo
2131 805 2408 854 forinsecum

396 892 642 941 seruicium
676 910 730 940 ac
765 893 979 942 debitum
1014 893 1208 941 domino
1243 893 1403 942 comiti
1438 894 1497 942 de
1532 892 1818 959 Stratheryn
1846 910 1933 959 pro
1960 910 2038 942 me
2073 902 2121 942 et
2154 892 2406 942 heredibus

396 981 513 1030 meis
550 1008 562 1020 ·
602 982 660 1029 In
701 982 835 1045 cujus
876 981 943 1030 rei
981 981 1301 1030 testimonium
1345 981 1550 1047 presenti
1590 991 1716 1030 carte
1761 999 1866 1031 mee
1906 999 2068 1030 meum
2108 981 2305 1047 sigillum
2341 983 2406 1032 est

395 1069 655 1135 appensum
691 1096 702 1107 ·
740 1068 959 1118 Testibus
991 1067 1225 1117 nobilibus
1249 1068 1359 1117 viris
1384 1068 1586 1117 dominis
1617 1068 1839 1118 Johanne
1866 1068 2110 1118 senescallo
2134 1078 2182 1118 et
2218 1069 2406 1119 Thoma

394 1157 455 1206 de
488 1156 690 1205 ffawfide
725 1155 948 1210 militibus
991 1183 1001 1194 ·
1041 1155 1283 1205 Willelmo
1315 1156 1413 1205 filio
1445 1157 1672 1224 martyne
1705 1183 1718 1197 ·
1754 1156 1866 1206 Ach
1895 1157 1992 1207 filio
2027 1157 2200 1224 Elpine
2236 1185 2247 1198 ·
2282 1157 2405 1206 Wil-

395 1245 536 1295 lelmo
558 1245 654 1295 filio
678 1254 726 1294 et
750 1244 910 1293 multis
934 1243 1035 1293 aliis
1062 1273 1072 1283 ·

399 1495 561 1562 Carta
583 1513 643 1562 de
668 1511 1059 1578 Ballmakgillone
1085 1539 1096 1551 ·

303 1699 365 1744 34
398 1673 660 1740 Gilbertus
685 1707 841 1739 comes
867 1690 926 1739 de
958 1688 1250 1755 Stratheryn
1276 1688 1494 1738 omnibus
1523 1687 1612 1737 hoc
1634 1688 1860 1756 scriptum
1883 1688 2047 1738 visuris
2070 1688 2145 1738 vel
2171 1689 2405 1739 audituris

394 1779 591 1828 salutem
616 1779 805 1828 nouerit
827 1778 1100 1827 vniuerfitas
1123 1779 1273 1827 vestra
1300 1795 1376 1826 me
1400 1777 1572 1826 dedisse
1597 1787 1645 1826 et
1668 1778 1926 1826 conceffifl‘e
1954 1787 2000 1827 et
2029 1777 2116 1826 hac
2140 1787 2270 1826 carta
2299 1795 2405 1827 mea

391 1867 688 1916 confirmasse
713 1867 803 1915 deo
828 1875 875 1915 et
898 1866 1035 1915 beate
1059 1865 1216 1920 COarie
1249 1876 1297 1914 et
1320 1866 1460 1914 beato
1495 1865 1527 1913 J
1530 1864 1707 1913 ohanni
1737 1864 1943 1931 apostolo
1967 1875 2014 1914 et
2038 1865 2321 1930 euangeliste
2345 1866 2404 1914 de

395 1955 666 2022 Inchaffray
700 1966 748 2004 et
781 1955 1018 2004 canonicis
1048 1954 1228 2003 ibidem
1252 1955 1341 2003 deo
1365 1953 1673 2002 seruientibus
1702 1962 1750 2002 et
1772 1953 2011 2003 seruituris
2042 1952 2404 2020 Ballmakgillon

392 2061 478 2110 per
505 2045 652 2092 restas
677 2043 847 2091 diuisas
871 2043 973 2091 suas
997 2052 1045 2091 et
1076 2059 1186 2090 cum
1210 2042 1428 2091 omnibus
1446 2041 1583 2108 justis
1606 2041 1903 2108 pertinentiis
1925 2042 2015 2090 suis
2045 2041 2330 2091 Tenendum
2354 2042 2403 2090 in

392 2130 588 2180 liberam
622 2140 670 2180 et
704 2148 871 2196 puram
907 2139 956 2180 et
989 2140 1270 2196 perpetuam
1302 2129 1597 2179 elemofinam
1625 2131 1675 2177 in
1696 2129 1833 2178 bosco
1864 2138 1913 2178 et
1946 2128 2087 2195 plano
2115 2129 2163 2177 in
2196 2129 2331 2178 terris
2355 2139 2404 2178 et

392 2218 526 2284 aquis
561 2218 611 2266 in
645 2218 792 2283 pratis
823 2227 870 2267 et
897 2219 1077 2284 pascuis
1106 2217 1155 2265 in
1185 2217 1329 2266 moris
1357 2217 1407 2264 in
1434 2217 1661 2266 marrefiis
1689 2217 1739 2265 in
1768 2216 1942 2284 stagnis
1969 2226 2018 2266 et
2044 2216 2324 2265 molendinis
2353 2217 2403 2264 in

390 2306 580 2355 vinariis
605 2317 652 2356 et
684 2306 886 2373 piscariis
916 2306 1062 2355 libere
1086 2316 1133 2355 et
1158 2306 1314 2371 quiete
1343 2306 1403 2354 ab
1427 2305 1557 2354 omni
1578 2306 1769 2355 seruicio
1797 2316 1846 2355 et
1873 2306 2116 2356 exaffione
2138 2305 2330 2354 seculari
2353 2315 2402 2354 et

389 2397 458 2446 ita
481 2396 626 2446 libere
650 2406 698 2446 et
720 2396 980 2445 honorifice
1004 2405 1051 2444 et
1075 2396 1258 2461 integre
1280 2396 1396 2443 ficut
1419 2393 1577 2459 aliqua
1598 2393 1844 2443 elemofina
1873 2392 1923 2441 in
1946 2402 2046 2443 toto
2068 2411 2215 2460 regno
2241 2393 2400 2443 Scotie

389 2486 448 2535 ab
485 2485 643 2551 aliquo
684 2485 855 2534 comite
891 2484 966 2533 vel
1002 2486 1178 2534 barone
1225 2483 1417 2532 liberius
1456 2482 1666 2548 quiecius
1704 2481 1891 2548 plenius
1927 2491 1975 2531 et
2014 2482 2400 2532 honorificentius

388 2584 578 2624 tenetur
601 2583 649 2624 et
673 2574 928 2640 poflidetur
953 2601 965 2613 ·
1002 2573 1107 2639 Ego
1130 2590 1240 2622 vero
1264 2582 1312 2622 et
1334 2572 1532 2621 heredes
1555 2571 1647 2620 mei
1674 2580 1828 2620 totum
1850 2570 2132 2620 forinsecum
2154 2571 2398 2620 seruicium

388 2664 568 2714 domini
599 2663 746 2730 Regis
770 2663 899 2728 quod
921 2662 982 2711 ad
1013 2672 1185 2712 terram
1209 2660 1335 2710 illam
1366 2660 1575 2727 pertinet
1597 2659 1647 2708 in
1677 2669 1960 2726 perpetuum
1983 2659 2360 2725 adquietabimus
2385 2687 2396 2700 ·

390 2752 499 2801 Hiis
530 2752 723 2801 testibus
752 2751 966 2800 Abbram
998 2750 1324 2800 Dunblanenfi
1347 2749 1563 2816 episcopo
1600 2777 1611 2788 ·
1648 2747 1886 2798 Willelmo
1913 2748 2083 2797 abbate
2107 2748 2167 2797 de
2194 2748 2349 2797 Scona
2384 2776 2395 2787 ο

389 2841 601 2890 Roberto
620 2841 842 2907 Fergufio
859 2840 1041 2896 COalifio
1063 2839 1171 2888 filiis
1202 2840 1321 2888 meis
1347 2866 1360 2878 ·
1398 2837 1616 2888 Gilberto
1640 2835 1968 2886 archidiacono
1991 2836 2051 2886 de
2077 2836 2357 2905 Stratheryn
2382 2863 2395 2879 ο

389 2929 570 2985 COalifio
593 2929 835 2980 senescallo
859 2946 964 2979 meo
989 2956 1001 2968 ·
1028 2928 1184 2978 Bricio
1207 2928 1404 2994 persona
1427 2927 1486 2976 de
1511 2926 1647 2977 Creff
1664 2935 1711 2976 et
1733 2923 1894 2976 multis
1917 2925 2018 2976 aliis
2043 2951 2056 2966 ·
