2808 3926
1062 386 1160 433 DE
1204 385 1745 435 INCHAFFERY.
2352 394 2415 443 47

396 542 515 592 torio
557 541 712 590 nostro
753 549 800 588 et
841 538 1021 605 capella
1061 549 1108 588 et
1149 539 1251 588 aliis
1286 540 1424 589 terris
1465 540 1906 605 circumjacentibus
1946 542 2061 591 ficut
2098 541 2314 591 foffatum
2350 544 2414 592 est

396 632 760 695 circumquaque
786 656 797 667 ·
833 628 1026 676 tandem
1051 628 1204 676 omnis
1238 628 1294 676 lis
1329 638 1378 677 et
1412 629 1654 678 contentio
1680 629 1818 695 super
1840 630 1974 678 dictis
2008 631 2145 680 terris
2179 639 2308 680 mota
2341 630 2414 680 vel

396 720 633 769 mouenda
669 719 718 766 in
752 717 881 765 hunc
914 716 1111 764 modum
1146 716 1328 781 quieuit
1362 717 1578 767 videlicet
1618 719 1745 783 quod
1786 719 1935 768 dictus
1978 721 2215 769 Trestram
2256 729 2411 769 totum

389 812 470 874 jus
505 818 553 857 et
587 807 819 857 clameum
854 805 982 871 quod
1011 804 1178 854 habuit
1212 805 1285 854 vel
1319 805 1490 855 habere
1524 807 1680 873 potuit
1715 807 1764 856 in
1799 808 1992 872 prefatis
2028 809 2162 858 terris
2199 809 2334 857 nobis
2362 818 2410 858 et

394 898 721 948 succefforibus
744 895 909 945 nostris
933 913 1019 962 pro
1045 895 1089 943 se
1113 903 1160 943 et
1182 894 1434 944 heredibus
1458 896 1548 944 suis
1571 897 1622 944 in
1646 907 1928 963 perpetuum
1951 898 2163 964 quietum
2188 898 2406 948 clamauit

393 986 519 1036 saluo
554 987 603 1035 in
638 985 856 1035 omnibus
885 986 994 1049 jure
1018 983 1198 1032 domini
1229 984 1373 1033 nostri
1402 985 1585 1034 comitis
1613 986 1672 1034 de
1703 986 1987 1053 Stratheryn
2012 1015 2024 1027 ·
2059 988 2406 1037 Renunciando

394 1093 582 1141 quoque
608 1091 694 1141 pro
727 1073 823 1140 ipso
852 1082 900 1122 et
923 1072 1177 1122 heredibus
1200 1071 1292 1120 suis
1323 1072 1587 1138 impetratis
1619 1084 1667 1122 et
1698 1074 2006 1140 impetrandis
2037 1077 2319 1126 omnimodis
2343 1095 2404 1127 ne

393 1164 454 1213 de
488 1173 645 1213 cetero
679 1180 765 1212 nos
799 1170 882 1210 aut
909 1160 1183 1210 succeffores
1219 1161 1397 1209 nostros
1425 1161 1562 1227 super
1596 1162 1728 1211 dictis
1760 1163 1895 1212 terris
1930 1164 1978 1211 in
2013 1182 2182 1230 puram
2217 1175 2264 1214 et
2298 1183 2402 1232 per-

394 1261 586 1319 petuam
610 1260 658 1301 et
679 1250 875 1300 liberam
898 1249 1194 1299 elemofinam
1217 1248 1352 1297 nobis
1377 1252 1596 1298 conceflis
1620 1259 1667 1299 et
1694 1268 1780 1317 per
1801 1251 1950 1300 multa
1973 1261 2186 1318 tempora
2210 1254 2402 1319 pacifice

391 1340 588 1408 poffeffls
623 1340 673 1388 in
703 1339 803 1388 foro
833 1337 1000 1405 laycali
1030 1336 1104 1386 vel
1139 1337 1340 1386 clericali
1373 1337 1569 1404 fatigare
1600 1339 1836 1405 presumat
1870 1368 1881 1379 ·
1916 1340 2022 1390 Nos
2055 1358 2165 1390 vero
2195 1342 2401 1408 predicto

393 1430 631 1478 Trestram
667 1437 715 1478 et
748 1427 949 1478 Gristine
980 1427 1140 1493 sponse
1174 1426 1252 1475 sue
1286 1436 1334 1475 et
1365 1426 1616 1476 heredibus
1648 1428 1736 1476 suis
1770 1428 2111 1478 fraternitatem
2142 1431 2401 1483 (nonasterii

392 1519 533 1567 nostri
556 1519 605 1566 in
628 1517 917 1567 orationibus
941 1515 1199 1565 elemofinis
1222 1516 1487 1581 martilogio
1510 1526 1556 1565 et
1585 1518 1753 1566 ceteris
1786 1518 1922 1566 bonis
1947 1536 2038 1583 que
2061 1519 2233 1568 fuerint
2255 1536 2400 1585 gene-

391 1608 548 1658 raliter
571 1625 658 1675 pro
682 1607 995 1657 confratribus
1019 1606 1185 1654 nostris
1209 1606 1453 1654 caritatiue
1477 1607 1778 1655 concessimus
1810 1617 1858 1656 et
1888 1606 1979 1656 hoc
2001 1607 2126 1656 idem
2149 1607 2399 1657 heredibus

391 1697 594 1763 ipsorum
624 1696 923 1744 conceflimus
952 1695 985 1743 fi
1018 1693 1109 1742 hoc
1143 1693 1386 1742 caritatiue
1420 1694 1641 1759 petierint
1677 1723 1687 1732 ·
1725 1694 2041 1744 Concessimus
2076 1695 2217 1744 etiam
2245 1695 2397 1744 eidem

391 1784 629 1833 Trestram
660 1793 708 1833 et
742 1782 995 1832 heredibus
1029 1782 1120 1830 suis
1155 1790 1388 1846 quatenus
1421 1782 1470 1829 in
1505 1782 1639 1830 nobis
1677 1783 1742 1831 est
1776 1783 1903 1847 quod
1936 1782 2140 1832 habeant
2174 1783 2399 1848 capellam

389 1874 517 1922 suam
534 1874 584 1922 in
598 1891 692 1939 qua
709 1872 773 1921 eis
791 1872 959 1938 poflint
974 1870 1136 1919 diuina
1154 1869 1375 1919 celebrari
1390 1870 1514 1919 salua
1530 1871 1579 1918 in
1593 1872 1809 1919 omnibus
1833 1871 2175 1939 indempnitate
2192 1873 2397 1922 matricis

390 1962 575 2012 ecclesie
599 1988 612 2001 ·
638 1961 721 2010 Ad
742 1961 831 2010 hec
855 1961 1013 2009 omnia
1034 1960 1293 2026 supradicta
1314 1958 1515 2008 fideliter
1548 1960 1642 2008 fine
1666 1959 1773 2008 dolo
1796 1959 1960 2009 fraude
1983 1970 2031 2009 et
2053 1961 2397 2010 machinatione

389 2053 546 2117 aliqua
577 2069 665 2117 pro
698 2051 743 2099 se
778 2060 825 2099 et
852 2049 1102 2116 heredibus
1138 2049 1229 2098 suis
1267 2048 1554 2097 obseruanda
1588 2066 1675 2115 per
1708 2049 1852 2097 fidem
1883 2049 2010 2098 suam
2041 2067 2226 2099 necnon
2261 2050 2393 2099 ἰαθεὶς

387 2138 676 2188 sacrosanctis
710 2155 795 2204 per
817 2138 1157 2186 sacramentum
1190 2137 1323 2184 suum
1351 2135 1590 2202 corporale
1613 2137 1657 2185 se
1688 2136 1913 2203 obligauit
1947 2146 1995 2186 et
2026 2155 2111 2186 nos
2142 2155 2228 2204 pro
2260 2139 2394 2187 nobis

388 2239 437 2278 et
463 2228 788 2277 succefl'oribus
819 2226 983 2275 nostris
1012 2226 1139 2274 idem
1166 2225 1361 2273 fecimus
1390 2251 1402 2263 ·
1434 2225 1494 2273 In
1522 2226 1657 2292 cujus
1686 2225 1753 2274 rei
1782 2226 2095 2274 testimonium
2126 2226 2237 2275 huic
2268 2237 2393 2277 carte

388 2317 450 2365 ad
471 2316 667 2364 modum
690 2313 986 2380 cyrography
1005 2313 1210 2362 confecte
1233 2313 1494 2361 remanenti
1517 2313 1850 2379 inperpetuum
1873 2331 2018 2379 penes
2042 2331 2127 2363 nos
2151 2325 2198 2364 et
2220 2315 2393 2364 succes-

387 2407 508 2454 sores
532 2405 710 2454 nostros
733 2403 932 2470 sigillum
955 2403 1063 2451 dicti
1089 2402 1325 2450 Trestram
1353 2411 1401 2450 et
1425 2402 1603 2450 domini
1626 2401 1795 2456 COalisn
1819 2402 1999 2451 comitis
2024 2403 2083 2452 de
2109 2403 2391 2470 Stratheryn

386 2496 492 2544 sunt
515 2494 717 2561 appensa
739 2502 787 2543 et
808 2492 934 2560 parti
965 2492 1229 2542 remanenti
1262 2509 1408 2558 penes
1432 2492 1607 2540 dictum
1641 2492 1868 2540 Tristram
1903 2501 1950 2541 et
1981 2492 2178 2542 heredes
2209 2493 2311 2542 suos
2342 2494 2390 2541 in

386 2591 670 2649 perpetuum
692 2580 889 2647 figillum
912 2598 1162 2630 commune
1186 2579 1378 2646 capituli
1401 2579 1543 2628 nostri
1566 2588 1613 2628 et
1630 2578 1903 2628 venerabilis
1925 2580 2070 2646 patris
2095 2580 2293 2630 Roberti
2316 2581 2390 2630 dei

386 2671 536 2738 gratia
558 2669 907 2719 Dunblanenfis
931 2669 1133 2736 episcopi
1158 2669 1264 2730 sunt
1287 2669 1490 2735 appensa
1514 2697 1525 2708 ·
1549 2668 1734 2717 Datum
1757 2669 1886 2735 apud
1915 2668 2120 2717 Insulam
2144 2668 2388 2722 missarum

388 2760 463 2809 die
477 2759 616 2809 sancti
630 2758 872 2809 Valentini
894 2758 1097 2807 martiris
1121 2776 1244 2807 anno
1262 2758 1411 2825 gratie
1434 2757 1673 2807 millesimo
1697 2763 1800 2807 ccm⁰
1822 2758 2099 2825 sexagesimo
2122 2758 2250 2808 sexto
2275 2787 2287 2800 ·
