<?xml version="1.0" encoding="UTF-8"?>
<!DOCTYPE html PUBLIC "-//W3C//DTD XHTML 1.0 Transitional//EN"
    "http://www.w3.org/TR/xhtml1/DTD/xhtml1-transitional.dtd">
<html xmlns="http://www.w3.org/1999/xhtml" xml:lang="en" lang="en">
 <head>
  <title>
</title>
<meta http-equiv="Content-Type" content="text/html;charset=utf-8" />
  <meta name='ocr-system' content='tesseract 3.04.00' />
  <meta name='ocr-capabilities' content='ocr_page ocr_carea ocr_par ocr_line ocrx_word'/>
</head>
<body>
  <div class='ocr_page' id='page_1' title='image "./liberinsulemissa85inchuoft_0130.png"; bbox 0 0 2808 3926; ppageno 0'>
   <div class='ocr_carea' id='block_1_1' title="bbox 388 339 1659 415">
    <p class='ocr_par' dir='ltr' id='par_1_1' title="bbox 388 339 1659 415">
     <span class='ocr_line' id='line_1_1' title="bbox 388 339 1659 415; baseline 0.002 -4"><span class='ocrx_word' id='word_1_1' title='bbox 388 367 450 411; x_wconf 87' lang='lat'>50</span> <span class='ocrx_word' id='word_1_2' title='bbox 1146 365 1621 415; x_wconf 80' lang='lat' dir='ltr'><strong>REGISTRUM</strong></span> <span class='ocrx_word' id='word_1_3' title='bbox 1644 339 1659 347; x_wconf 70' lang='grc'><em>”</em></span> 
     </span>
    </p>
   </div>
   <div class='ocr_carea' id='block_1_2' title="bbox 371 519 2391 2878">
    <p class='ocr_par' dir='ltr' id='par_1_2' title="bbox 371 519 2391 2878">
     <span class='ocr_line' id='line_1_2' title="bbox 390 519 2388 587; baseline 0.002 -21"><span class='ocrx_word' id='word_1_4' title='bbox 390 519 645 567; x_wconf 87' lang='lat' dir='ltr'>conuentui</span> <span class='ocrx_word' id='word_1_5' title='bbox 667 519 726 567; x_wconf 89' lang='lat' dir='ltr'>de</span> <span class='ocrx_word' id='word_1_6' title='bbox 753 519 916 585; x_wconf 87' lang='lat' dir='ltr'>Cupro</span> <span class='ocrx_word' id='word_1_7' title='bbox 939 528 987 567; x_wconf 85' lang='lat' dir='ltr'>et</span> <span class='ocrx_word' id='word_1_8' title='bbox 1018 535 1180 567; x_wconf 88' lang='lat' dir='ltr'>eorum</span> <span class='ocrx_word' id='word_1_9' title='bbox 1210 519 1485 573; x_wconf 76' lang='lat' dir='ltr'>monasterio</span> <span class='ocrx_word' id='word_1_10' title='bbox 1518 519 1723 568; x_wconf 86' lang='lat' dir='ltr'>reddent</span> <span class='ocrx_word' id='word_1_11' title='bbox 1753 519 1998 567; x_wconf 87' lang='lat' dir='ltr'>annuatim</span> <span class='ocrx_word' id='word_1_12' title='bbox 2031 520 2081 567; x_wconf 91' lang='lat' dir='ltr'>in</span> <span class='ocrx_word' id='word_1_13' title='bbox 2104 531 2388 587; x_wconf 89' lang='lat' dir='ltr'>perpetuum</span> 
     </span>
     <span class='ocr_line' id='line_1_3' title="bbox 388 607 2391 673; baseline 0.002 -18"><span class='ocrx_word' id='word_1_14' title='bbox 388 608 506 655; x_wconf 84' lang='lat' dir='ltr'>duas</span> <span class='ocrx_word' id='word_1_15' title='bbox 542 607 685 656; x_wconf 83' lang='lat' dir='ltr'>libras</span> <span class='ocrx_word' id='word_1_16' title='bbox 716 608 941 656; x_wconf 91' lang='lat' dir='ltr'>cummini</span> <span class='ocrx_word' id='word_1_17' title='bbox 975 618 1023 656; x_wconf 94' lang='lat' dir='ltr'>et</span> <span class='ocrx_word' id='word_1_18' title='bbox 1056 608 1174 655; x_wconf 88' lang='lat' dir='ltr'>duas</span> <span class='ocrx_word' id='word_1_19' title='bbox 1208 607 1348 656; x_wconf 87' lang='lat' dir='ltr'>libras</span> <span class='ocrx_word' id='word_1_20' title='bbox 1383 608 1560 673; x_wconf 87' lang='lat' dir='ltr'>piperis</span> <span class='ocrx_word' id='word_1_21' title='bbox 1594 607 1716 656; x_wconf 84' lang='lat' dir='ltr'>infra</span> <span class='ocrx_word' id='word_1_22' title='bbox 1753 609 1938 656; x_wconf 69' lang='lat' dir='ltr'>octauas</span> <span class='ocrx_word' id='word_1_23' title='bbox 1978 608 2238 657; x_wconf 89' lang='lat' dir='ltr'>natiuitatis</span> <span class='ocrx_word' id='word_1_24' title='bbox 2264 611 2391 659; x_wconf 85' lang='lat' dir='ltr'>beati</span> 
     </span>
     <span class='ocr_line' id='line_1_4' title="bbox 388 695 2391 762; baseline 0.001 -17"><span class='ocrx_word' id='word_1_25' title='bbox 388 697 418 745; x_wconf 90' lang='lat' dir='ltr'><strong>J</strong></span> <span class='ocrx_word' id='word_1_26' title='bbox 423 696 622 744; x_wconf 83' lang='lat' dir='ltr'>ohannis</span> <span class='ocrx_word' id='word_1_27' title='bbox 667 696 865 762; x_wconf 85' lang='lat' dir='ltr'>baptiste</span> <span class='ocrx_word' id='word_1_28' title='bbox 906 697 955 743; x_wconf 92' lang='lat' dir='ltr'>in</span> <span class='ocrx_word' id='word_1_29' title='bbox 1002 695 1181 761; x_wconf 88' lang='lat' dir='ltr'>capella</span> <span class='ocrx_word' id='word_1_30' title='bbox 1218 696 1378 761; x_wconf 83' lang='lat' dir='ltr'>pontis</span> <span class='ocrx_word' id='word_1_31' title='bbox 1418 696 1478 745; x_wconf 92' lang='lat' dir='ltr'>de</span> <span class='ocrx_word' id='word_1_32' title='bbox 1516 695 1664 745; x_wconf 88' lang='lat' dir='ltr'>Perth</span> <span class='ocrx_word' id='word_1_33' title='bbox 1710 723 1723 735; x_wconf 85' lang='lat'><strong>·</strong></span> <span class='ocrx_word' id='word_1_34' title='bbox 1769 696 1896 760; x_wconf 89' lang='lat' dir='ltr'>quod</span> <span class='ocrx_word' id='word_1_35' title='bbox 1932 698 1965 744; x_wconf 90' lang='lat' dir='ltr'><strong>fi</strong></span> <span class='ocrx_word' id='word_1_36' title='bbox 2005 696 2114 745; x_wconf 59' lang='lat' dir='ltr'>di&amp;</span> <span class='ocrx_word' id='word_1_37' title='bbox 2159 698 2302 747; x_wconf 83' lang='lat' dir='ltr'>abbas</span> <span class='ocrx_word' id='word_1_38' title='bbox 2342 710 2391 748; x_wconf 89' lang='lat' dir='ltr'>et</span> 
     </span>
     <span class='ocr_line' id='line_1_5' title="bbox 386 783 2390 849; baseline 0.001 -19"><span class='ocrx_word' id='word_1_39' title='bbox 386 794 658 849; x_wconf 84' lang='lat' dir='ltr'>conuentus</span> <span class='ocrx_word' id='word_1_40' title='bbox 674 784 732 831; x_wconf 91' lang='lat' dir='ltr'>de</span> <span class='ocrx_word' id='word_1_41' title='bbox 766 783 922 831; x_wconf 84' lang='lat' dir='ltr'>Insula</span> <span class='ocrx_word' id='word_1_42' title='bbox 943 784 1190 838; x_wconf 64' lang='lat' dir='ltr'>missarum</span> <span class='ocrx_word' id='word_1_43' title='bbox 1215 783 1264 831; x_wconf 91' lang='lat' dir='ltr'>in</span> <span class='ocrx_word' id='word_1_44' title='bbox 1285 783 1511 832; x_wconf 87' lang='lat' dir='ltr'>solutione</span> <span class='ocrx_word' id='word_1_45' title='bbox 1535 783 1642 832; x_wconf 60' lang='lat' dir='ltr'>dicti</span> <span class='ocrx_word' id='word_1_46' title='bbox 1665 783 1879 832; x_wconf 89' lang='lat' dir='ltr'>redditus</span> <span class='ocrx_word' id='word_1_47' title='bbox 1902 783 2077 849; x_wconf 86' lang='lat' dir='ltr'>piperis</span> <span class='ocrx_word' id='word_1_48' title='bbox 2095 794 2143 832; x_wconf 87' lang='lat' dir='ltr'>et</span> <span class='ocrx_word' id='word_1_49' title='bbox 2167 786 2390 833; x_wconf 89' lang='lat' dir='ltr'>cummini</span> 
     </span>
     <span class='ocr_line' id='line_1_6' title="bbox 385 871 2391 939; baseline 0.001 -20"><span class='ocrx_word' id='word_1_50' title='bbox 385 872 435 919; x_wconf 88' lang='lat' dir='ltr'>in</span> <span class='ocrx_word' id='word_1_51' title='bbox 459 882 611 920; x_wconf 88' lang='lat' dir='ltr'>totum</span> <span class='ocrx_word' id='word_1_52' title='bbox 627 871 700 920; x_wconf 87' lang='lat' dir='ltr'>vel</span> <span class='ocrx_word' id='word_1_53' title='bbox 715 882 901 937; x_wconf 89' lang='lat' dir='ltr'>partem</span> <span class='ocrx_word' id='word_1_54' title='bbox 919 872 1192 921; x_wconf 81' lang='lat' dir='ltr'>ceffauerint</span> <span class='ocrx_word' id='word_1_55' title='bbox 1215 873 1343 936; x_wconf 91' lang='lat' dir='ltr'>quod</span> <span class='ocrx_word' id='word_1_56' title='bbox 1367 873 1481 921; x_wconf 84' lang='lat' dir='ltr'>absit</span> <span class='ocrx_word' id='word_1_57' title='bbox 1499 872 1657 921; x_wconf 89' lang='lat' dir='ltr'>licebit</span> <span class='ocrx_word' id='word_1_58' title='bbox 1679 872 1872 939; x_wconf 90' lang='lat' dir='ltr'>prefatis</span> <span class='ocrx_word' id='word_1_59' title='bbox 1891 873 2049 921; x_wconf 86' lang='lat' dir='ltr'>abbati</span> <span class='ocrx_word' id='word_1_60' title='bbox 2073 882 2120 921; x_wconf 91' lang='lat' dir='ltr'>et</span> <span class='ocrx_word' id='word_1_61' title='bbox 2136 875 2391 922; x_wconf 88' lang='lat' dir='ltr'>conuentui</span> 
     </span>
     <span class='ocr_line' id='line_1_7' title="bbox 385 958 2390 1026; baseline 0.001 -20"><span class='ocrx_word' id='word_1_62' title='bbox 385 959 443 1007; x_wconf 89' lang='lat' dir='ltr'>de</span> <span class='ocrx_word' id='word_1_63' title='bbox 460 959 622 1024; x_wconf 86' lang='lat' dir='ltr'>Cupro</span> <span class='ocrx_word' id='word_1_64' title='bbox 640 959 699 1008; x_wconf 91' lang='lat' dir='ltr'>de</span> <span class='ocrx_word' id='word_1_65' title='bbox 714 958 905 1008; x_wconf 89' lang='lat' dir='ltr'>licentia</span> <span class='ocrx_word' id='word_1_66' title='bbox 918 959 1199 1008; x_wconf 88' lang='lat' dir='ltr'>balliuorum</span> <span class='ocrx_word' id='word_1_67' title='bbox 1217 959 1396 1008; x_wconf 90' lang='lat' dir='ltr'>domini</span> <span class='ocrx_word' id='word_1_68' title='bbox 1414 960 1539 1026; x_wconf 82' lang='lat' dir='ltr'>regis</span> <span class='ocrx_word' id='word_1_69' title='bbox 1556 959 1616 1008; x_wconf 87' lang='lat' dir='ltr'>de</span> <span class='ocrx_word' id='word_1_70' title='bbox 1626 959 1774 1008; x_wconf 91' lang='lat' dir='ltr'>Perth</span> <span class='ocrx_word' id='word_1_71' title='bbox 1791 959 1871 1024; x_wconf 89' lang='lat' dir='ltr'>qui</span> <span class='ocrx_word' id='word_1_72' title='bbox 1885 977 1972 1025; x_wconf 89' lang='lat' dir='ltr'>pro</span> <span class='ocrx_word' id='word_1_73' title='bbox 1990 969 2202 1026; x_wconf 86' lang='lat' dir='ltr'>tempore</span> <span class='ocrx_word' id='word_1_74' title='bbox 2215 960 2390 1008; x_wconf 87' lang='lat' dir='ltr'>fuerint</span> 
     </span>
     <span class='ocr_line' id='line_1_8' title="bbox 382 1046 2388 1113; baseline 0.001 -19"><span class='ocrx_word' id='word_1_75' title='bbox 382 1056 481 1094; x_wconf 85' lang='lat' dir='ltr'>tam</span> <span class='ocrx_word' id='word_1_76' title='bbox 512 1046 636 1095; x_wconf 83' lang='lat' dir='ltr'>infra</span> <span class='ocrx_word' id='word_1_77' title='bbox 663 1047 832 1095; x_wconf 91' lang='lat' dir='ltr'>domus</span> <span class='ocrx_word' id='word_1_78' title='bbox 861 1065 1004 1112; x_wconf 91' lang='lat' dir='ltr'>quam</span> <span class='ocrx_word' id='word_1_79' title='bbox 1032 1057 1166 1096; x_wconf 81' lang='lat' dir='ltr'>extra</span> <span class='ocrx_word' id='word_1_80' title='bbox 1200 1047 1475 1113; x_wconf 81' lang='lat' dir='ltr'>distringere</span> <span class='ocrx_word' id='word_1_81' title='bbox 1503 1058 1551 1096; x_wconf 89' lang='lat' dir='ltr'>et</span> <span class='ocrx_word' id='word_1_82' title='bbox 1587 1065 1750 1096; x_wconf 87' lang='lat' dir='ltr'>namos</span> <span class='ocrx_word' id='word_1_83' title='bbox 1786 1065 1953 1113; x_wconf 80' lang='lat' dir='ltr'>capere</span> <span class='ocrx_word' id='word_1_84' title='bbox 1987 1048 2138 1097; x_wconf 89' lang='lat' dir='ltr'>donec</span> <span class='ocrx_word' id='word_1_85' title='bbox 2172 1048 2231 1097; x_wconf 90' lang='lat' dir='ltr'>de</span> <span class='ocrx_word' id='word_1_86' title='bbox 2266 1048 2388 1096; x_wconf 58' lang='lat' dir='ltr'>disto</span> 
     </span>
     <span class='ocr_line' id='line_1_9' title="bbox 383 1134 2389 1201; baseline 0.001 -21"><span class='ocrx_word' id='word_1_87' title='bbox 383 1134 572 1183; x_wconf 87' lang='lat' dir='ltr'>redditu</span> <span class='ocrx_word' id='word_1_88' title='bbox 596 1144 643 1183; x_wconf 91' lang='lat' dir='ltr'>et</span> <span class='ocrx_word' id='word_1_89' title='bbox 666 1136 769 1199; x_wconf 88' lang='lat' dir='ltr'>ejus</span> <span class='ocrx_word' id='word_1_90' title='bbox 793 1135 1040 1201; x_wconf 86' lang='lat' dir='ltr'>arreragijs</span> <span class='ocrx_word' id='word_1_91' title='bbox 1064 1138 1096 1182; x_wconf 87' lang='lat' dir='ltr'><strong>fi</strong></span> <span class='ocrx_word' id='word_1_92' title='bbox 1122 1153 1212 1200; x_wconf 92' lang='lat' dir='ltr'>que</span> <span class='ocrx_word' id='word_1_93' title='bbox 1233 1135 1409 1184; x_wconf 85' lang='lat' dir='ltr'>fuerint</span> <span class='ocrx_word' id='word_1_94' title='bbox 1432 1134 1570 1201; x_wconf 84' lang='lat' dir='ltr'>plene</span> <span class='ocrx_word' id='word_1_95' title='bbox 1587 1135 1727 1184; x_wconf 88' lang='lat' dir='ltr'>fuerit</span> <span class='ocrx_word' id='word_1_96' title='bbox 1742 1135 1808 1184; x_wconf 89' lang='lat' dir='ltr'>eis</span> <span class='ocrx_word' id='word_1_97' title='bbox 1831 1135 2104 1184; x_wconf 68' lang='lat' dir='ltr'>satisfactum</span> <span class='ocrx_word' id='word_1_98' title='bbox 2131 1164 2141 1174; x_wconf 90' lang='lat'><strong>·</strong></span> <span class='ocrx_word' id='word_1_99' title='bbox 2166 1135 2249 1183; x_wconf 88' lang='lat' dir='ltr'>Ad</span> <span class='ocrx_word' id='word_1_100' title='bbox 2266 1135 2389 1183; x_wconf 89' lang='lat' dir='ltr'>hanc</span> 
     </span>
     <span class='ocr_line' id='line_1_10' title="bbox 383 1223 2388 1289; baseline 0.001 -19"><span class='ocrx_word' id='word_1_101' title='bbox 383 1232 541 1271; x_wconf 84' lang='lat' dir='ltr'>autem</span> <span class='ocrx_word' id='word_1_102' title='bbox 566 1224 946 1289; x_wconf 77' lang='lat' dir='ltr'>compositionem</span> <span class='ocrx_word' id='word_1_103' title='bbox 970 1223 1172 1272; x_wconf 88' lang='lat' dir='ltr'>fideliter</span> <span class='ocrx_word' id='word_1_104' title='bbox 1195 1233 1243 1272; x_wconf 89' lang='lat' dir='ltr'>et</span> <span class='ocrx_word' id='word_1_105' title='bbox 1265 1225 1359 1272; x_wconf 87' lang='lat' dir='ltr'>fine</span> <span class='ocrx_word' id='word_1_106' title='bbox 1382 1224 1547 1272; x_wconf 89' lang='lat' dir='ltr'>fraude</span> <span class='ocrx_word' id='word_1_107' title='bbox 1570 1233 1804 1289; x_wconf 90' lang='lat' dir='ltr'>perpetuo</span> <span class='ocrx_word' id='word_1_108' title='bbox 1838 1224 2173 1272; x_wconf 84' lang='lat' dir='ltr'>obseruandam</span> <span class='ocrx_word' id='word_1_109' title='bbox 2195 1225 2388 1272; x_wconf 83' lang='lat' dir='ltr'>abbates</span> 
     </span>
     <span class='ocr_line' id='line_1_11' title="bbox 381 1311 2386 1378; baseline 0.001 -20"><span class='ocrx_word' id='word_1_110' title='bbox 381 1311 578 1376; x_wconf 71' lang='lat' dir='ltr'>predicti</span> <span class='ocrx_word' id='word_1_111' title='bbox 601 1329 686 1376; x_wconf 92' lang='lat' dir='ltr'>pro</span> <span class='ocrx_word' id='word_1_112' title='bbox 709 1312 753 1360; x_wconf 89' lang='lat' dir='ltr'>se</span> <span class='ocrx_word' id='word_1_113' title='bbox 776 1322 824 1360; x_wconf 90' lang='lat' dir='ltr'>et</span> <span class='ocrx_word' id='word_1_114' title='bbox 847 1312 937 1360; x_wconf 90' lang='lat' dir='ltr'>suis</span> <span class='ocrx_word' id='word_1_115' title='bbox 961 1312 1274 1361; x_wconf 86' lang='lat' dir='ltr'>conuentibus</span> <span class='ocrx_word' id='word_1_116' title='bbox 1296 1313 1568 1378; x_wconf 87' lang='lat' dir='ltr'>juramento</span> <span class='ocrx_word' id='word_1_117' title='bbox 1598 1311 1899 1377; x_wconf 84' lang='lat' dir='ltr'>corporaliter</span> <span class='ocrx_word' id='word_1_118' title='bbox 1923 1322 1971 1361; x_wconf 87' lang='lat' dir='ltr'>et</span> <span class='ocrx_word' id='word_1_119' title='bbox 1994 1312 2216 1361; x_wconf 87' lang='lat' dir='ltr'>canonice</span> <span class='ocrx_word' id='word_1_120' title='bbox 2240 1313 2386 1361; x_wconf 89' lang='lat' dir='ltr'>inter-</span> 
     </span>
     <span class='ocr_line' id='line_1_12' title="bbox 381 1400 2386 1467; baseline 0.001 -20"><span class='ocrx_word' id='word_1_121' title='bbox 381 1401 528 1463; x_wconf 90' lang='lat' dir='ltr'>pofito</span> <span class='ocrx_word' id='word_1_122' title='bbox 551 1401 594 1447; x_wconf 87' lang='lat' dir='ltr'>se</span> <span class='ocrx_word' id='word_1_123' title='bbox 618 1410 666 1449; x_wconf 89' lang='lat' dir='ltr'>ct</span> <span class='ocrx_word' id='word_1_124' title='bbox 689 1401 966 1449; x_wconf 86' lang='lat' dir='ltr'>monasteria</span> <span class='ocrx_word' id='word_1_125' title='bbox 988 1401 1068 1449; x_wconf 89' lang='lat' dir='ltr'>sua</span> <span class='ocrx_word' id='word_1_126' title='bbox 1099 1400 1428 1467; x_wconf 83' lang='lat' dir='ltr'>obligauerunt</span> <span class='ocrx_word' id='word_1_127' title='bbox 1457 1411 1505 1449; x_wconf 89' lang='lat' dir='ltr'>et</span> <span class='ocrx_word' id='word_1_128' title='bbox 1534 1402 1595 1449; x_wconf 88' lang='lat' dir='ltr'>ad</span> <span class='ocrx_word' id='word_1_129' title='bbox 1622 1402 1849 1467; x_wconf 88' lang='lat' dir='ltr'>majorem</span> <span class='ocrx_word' id='word_1_130' title='bbox 1878 1401 2021 1466; x_wconf 89' lang='lat' dir='ltr'>hujus</span> <span class='ocrx_word' id='word_1_131' title='bbox 2045 1402 2386 1466; x_wconf 79' lang='lat' dir='ltr'>compositionis</span> 
     </span>
     <span class='ocr_line' id='line_1_13' title="bbox 380 1488 2386 1554; baseline 0.002 -19"><span class='ocrx_word' id='word_1_132' title='bbox 380 1488 673 1536; x_wconf 88' lang='lat' dir='ltr'>securitatem</span> <span class='ocrx_word' id='word_1_133' title='bbox 696 1498 851 1553; x_wconf 86' lang='lat' dir='ltr'>partes</span> <span class='ocrx_word' id='word_1_134' title='bbox 875 1489 1201 1553; x_wconf 87' lang='lat' dir='ltr'>prenominate</span> <span class='ocrx_word' id='word_1_135' title='bbox 1230 1489 1628 1539; x_wconf 87' lang='lat' dir='ltr'>renunciauerunt</span> <span class='ocrx_word' id='word_1_136' title='bbox 1651 1490 1700 1537; x_wconf 87' lang='lat' dir='ltr'>in</span> <span class='ocrx_word' id='word_1_137' title='bbox 1722 1489 1812 1538; x_wconf 87' lang='lat' dir='ltr'>hac</span> <span class='ocrx_word' id='word_1_138' title='bbox 1834 1499 1967 1554; x_wconf 86' lang='lat' dir='ltr'>parte</span> <span class='ocrx_word' id='word_1_139' title='bbox 1985 1507 2070 1554; x_wconf 91' lang='lat' dir='ltr'>pro</span> <span class='ocrx_word' id='word_1_140' title='bbox 2087 1490 2130 1539; x_wconf 91' lang='lat' dir='ltr'>se</span> <span class='ocrx_word' id='word_1_141' title='bbox 2149 1499 2197 1539; x_wconf 90' lang='lat' dir='ltr'>et</span> <span class='ocrx_word' id='word_1_142' title='bbox 2219 1491 2386 1539; x_wconf 88' lang='lat' dir='ltr'>succes-</span> 
     </span>
     <span class='ocr_line' id='line_1_14' title="bbox 380 1577 2386 1644; baseline 0.002 -21"><span class='ocrx_word' id='word_1_143' title='bbox 380 1577 554 1625; x_wconf 90' lang='lat' dir='ltr'>soribus</span> <span class='ocrx_word' id='word_1_144' title='bbox 577 1578 668 1625; x_wconf 90' lang='lat' dir='ltr'>suis</span> <span class='ocrx_word' id='word_1_145' title='bbox 691 1578 740 1625; x_wconf 92' lang='lat' dir='ltr'>in</span> <span class='ocrx_word' id='word_1_146' title='bbox 764 1587 1047 1642; x_wconf 89' lang='lat' dir='ltr'>perpetuum</span> <span class='ocrx_word' id='word_1_147' title='bbox 1065 1579 1334 1642; x_wconf 84' lang='lat' dir='ltr'>exceptioni</span> <span class='ocrx_word' id='word_1_148' title='bbox 1357 1579 1451 1627; x_wconf 88' lang='lat' dir='ltr'>doli</span> <span class='ocrx_word' id='word_1_149' title='bbox 1475 1589 1522 1628; x_wconf 87' lang='lat' dir='ltr'>et</span> <span class='ocrx_word' id='word_1_150' title='bbox 1548 1605 1715 1618; x_wconf 91' lang='lat'><strong>·····</strong></span> <span class='ocrx_word' id='word_1_151' title='bbox 1741 1579 1998 1628; x_wconf 83' lang='lat' dir='ltr'>conditioni</span> <span class='ocrx_word' id='word_1_152' title='bbox 2020 1578 2199 1644; x_wconf 86' lang='lat' dir='ltr'>exlege</span> <span class='ocrx_word' id='word_1_153' title='bbox 2223 1589 2271 1627; x_wconf 91' lang='lat' dir='ltr'>et</span> <span class='ocrx_word' id='word_1_154' title='bbox 2292 1580 2386 1627; x_wconf 88' lang='lat' dir='ltr'>fine</span> 
     </span>
     <span class='ocr_line' id='line_1_15' title="bbox 379 1666 2386 1733; baseline 0.001 -20"><span class='ocrx_word' id='word_1_155' title='bbox 379 1666 514 1713; x_wconf 86' lang='lat' dir='ltr'>causa</span> <span class='ocrx_word' id='word_1_156' title='bbox 546 1666 620 1714; x_wconf 81' lang='lat' dir='ltr'>vel</span> <span class='ocrx_word' id='word_1_157' title='bbox 653 1666 823 1731; x_wconf 84' lang='lat' dir='ltr'>injusta</span> <span class='ocrx_word' id='word_1_158' title='bbox 846 1667 980 1715; x_wconf 85' lang='lat' dir='ltr'>causa</span> <span class='ocrx_word' id='word_1_159' title='bbox 1013 1667 1241 1715; x_wconf 90' lang='lat' dir='ltr'>beneficio</span> <span class='ocrx_word' id='word_1_160' title='bbox 1264 1667 1580 1716; x_wconf 74' lang='lat' dir='ltr'>&#39;restitutionis</span> <span class='ocrx_word' id='word_1_161' title='bbox 1604 1668 1653 1714; x_wconf 90' lang='lat' dir='ltr'>in</span> <span class='ocrx_word' id='word_1_162' title='bbox 1681 1667 1918 1733; x_wconf 84' lang='lat' dir='ltr'>integrum</span> <span class='ocrx_word' id='word_1_163' title='bbox 1939 1676 1988 1715; x_wconf 89' lang='lat' dir='ltr'>et</span> <span class='ocrx_word' id='word_1_164' title='bbox 2016 1684 2248 1716; x_wconf 86' lang='lat' dir='ltr'>nouarum</span> <span class='ocrx_word' id='word_1_165' title='bbox 2272 1685 2386 1716; x_wconf 88' lang='lat' dir='ltr'>con-</span> 
     </span>
     <span class='ocr_line' id='line_1_16' title="bbox 376 1753 2385 1820; baseline 0.001 -19"><span class='ocrx_word' id='word_1_166' title='bbox 376 1753 671 1801; x_wconf 83' lang='lat' dir='ltr'>stitutionum</span> <span class='ocrx_word' id='word_1_167' title='bbox 694 1754 913 1802; x_wconf 90' lang='lat' dir='ltr'>omnibus</span> <span class='ocrx_word' id='word_1_168' title='bbox 937 1755 1080 1803; x_wconf 90' lang='lat' dir='ltr'>etiam</span> <span class='ocrx_word' id='word_1_169' title='bbox 1103 1755 1464 1804; x_wconf 84' lang='lat' dir='ltr'>inhibitionibus</span> <span class='ocrx_word' id='word_1_170' title='bbox 1489 1766 1536 1804; x_wconf 91' lang='lat' dir='ltr'>et</span> <span class='ocrx_word' id='word_1_171' title='bbox 1562 1755 1970 1804; x_wconf 88' lang='lat' dir='ltr'>constitutionibus</span> <span class='ocrx_word' id='word_1_172' title='bbox 1988 1764 2036 1803; x_wconf 90' lang='lat' dir='ltr'>et</span> <span class='ocrx_word' id='word_1_173' title='bbox 2059 1756 2385 1820; x_wconf 78' lang='lat' dir='ltr'>impetration-</span> 
     </span>
     <span class='ocr_line' id='line_1_17' title="bbox 377 1842 2386 1910; baseline 0.002 -22"><span class='ocrx_word' id='word_1_174' title='bbox 377 1842 480 1889; x_wconf 88' lang='lat' dir='ltr'>ibus</span> <span class='ocrx_word' id='word_1_175' title='bbox 505 1852 552 1891; x_wconf 89' lang='lat' dir='ltr'>et</span> <span class='ocrx_word' id='word_1_176' title='bbox 581 1842 726 1891; x_wconf 88' lang='lat' dir='ltr'>literis</span> <span class='ocrx_word' id='word_1_177' title='bbox 749 1852 846 1891; x_wconf 89' lang='lat' dir='ltr'>tam</span> <span class='ocrx_word' id='word_1_178' title='bbox 878 1843 1019 1909; x_wconf 86' lang='lat' dir='ltr'>regijs</span> <span class='ocrx_word' id='word_1_179' title='bbox 1043 1861 1183 1908; x_wconf 89' lang='lat' dir='ltr'>quam</span> <span class='ocrx_word' id='word_1_180' title='bbox 1216 1843 1476 1909; x_wconf 84' lang='lat' dir='ltr'>apostolicis</span> <span class='ocrx_word' id='word_1_181' title='bbox 1508 1853 1556 1892; x_wconf 92' lang='lat' dir='ltr'>et</span> <span class='ocrx_word' id='word_1_182' title='bbox 1578 1843 1833 1910; x_wconf 85' lang='lat' dir='ltr'>specialiter</span> <span class='ocrx_word' id='word_1_183' title='bbox 1855 1845 1992 1910; x_wconf 90' lang='lat' dir='ltr'>super</span> <span class='ocrx_word' id='word_1_184' title='bbox 2013 1845 2151 1893; x_wconf 83' lang='lat' dir='ltr'>bonis</span> <span class='ocrx_word' id='word_1_185' title='bbox 2174 1844 2386 1894; x_wconf 80' lang='lat' dir='ltr'>alienatis</span> 
     </span>
     <span class='ocr_line' id='line_1_18' title="bbox 374 1931 2386 1999; baseline 0.001 -21"><span class='ocrx_word' id='word_1_186' title='bbox 374 1940 420 1979; x_wconf 92' lang='lat' dir='ltr'>et</span> <span class='ocrx_word' id='word_1_187' title='bbox 448 1931 674 1979; x_wconf 71' lang='lat' dir='ltr'>distractis</span> <span class='ocrx_word' id='word_1_188' title='bbox 702 1950 884 1980; x_wconf 87' lang='lat' dir='ltr'>necnon</span> <span class='ocrx_word' id='word_1_189' title='bbox 913 1932 1081 1998; x_wconf 87' lang='lat' dir='ltr'>gracijs</span> <span class='ocrx_word' id='word_1_190' title='bbox 1105 1931 1415 1999; x_wconf 85' lang='lat' dir='ltr'>indulgencijs</span> <span class='ocrx_word' id='word_1_191' title='bbox 1438 1942 1487 1982; x_wconf 94' lang='lat' dir='ltr'>et</span> <span class='ocrx_word' id='word_1_192' title='bbox 1517 1932 1774 1999; x_wconf 82' lang='lat' dir='ltr'>priuilegijs</span> <span class='ocrx_word' id='word_1_193' title='bbox 1808 1942 1973 1982; x_wconf 86' lang='lat' dir='ltr'>contra</span> <span class='ocrx_word' id='word_1_194' title='bbox 2005 1934 2386 1999; x_wconf 77' lang='lat' dir='ltr'>compositionem</span> 
     </span>
     <span class='ocr_line' id='line_1_19' title="bbox 375 2019 2383 2086; baseline 0.001 -19"><span class='ocrx_word' id='word_1_195' title='bbox 375 2021 635 2084; x_wconf 84' lang='lat' dir='ltr'>presentem</span> <span class='ocrx_word' id='word_1_196' title='bbox 676 2019 937 2085; x_wconf 86' lang='lat' dir='ltr'>impetratis</span> <span class='ocrx_word' id='word_1_197' title='bbox 978 2029 1026 2068; x_wconf 91' lang='lat' dir='ltr'>et</span> <span class='ocrx_word' id='word_1_198' title='bbox 1063 2020 1373 2085; x_wconf 81' lang='lat' dir='ltr'>impetrandis</span> <span class='ocrx_word' id='word_1_199' title='bbox 1410 2038 1464 2068; x_wconf 86' lang='lat' dir='ltr'>ac</span> <span class='ocrx_word' id='word_1_200' title='bbox 1501 2020 1630 2068; x_wconf 87' lang='lat' dir='ltr'>omni</span> <span class='ocrx_word' id='word_1_201' title='bbox 1667 2021 1839 2069; x_wconf 69' lang='lat' dir='ltr'>affloni</span> <span class='ocrx_word' id='word_1_202' title='bbox 1876 2030 1924 2069; x_wconf 93' lang='lat' dir='ltr'>et</span> <span class='ocrx_word' id='word_1_203' title='bbox 1959 2020 2224 2086; x_wconf 86' lang='lat' dir='ltr'>exceptioni</span> <span class='ocrx_word' id='word_1_204' title='bbox 2270 2039 2383 2070; x_wconf 89' lang='lat' dir='ltr'>con-</span> 
     </span>
     <span class='ocr_line' id='line_1_20' title="bbox 377 2107 2384 2174; baseline 0 -19"><span class='ocrx_word' id='word_1_205' title='bbox 377 2108 608 2156; x_wconf 89' lang='lat' dir='ltr'>suetudini</span> <span class='ocrx_word' id='word_1_206' title='bbox 642 2118 691 2156; x_wconf 89' lang='lat' dir='ltr'>et</span> <span class='ocrx_word' id='word_1_207' title='bbox 723 2108 898 2156; x_wconf 84' lang='lat' dir='ltr'>statuto</span> <span class='ocrx_word' id='word_1_208' title='bbox 927 2124 1113 2155; x_wconf 90' lang='lat' dir='ltr'>necnon</span> <span class='ocrx_word' id='word_1_209' title='bbox 1140 2107 1269 2154; x_wconf 91' lang='lat' dir='ltr'>omni</span> <span class='ocrx_word' id='word_1_210' title='bbox 1301 2107 1589 2156; x_wconf 84' lang='lat' dir='ltr'>cauillationi</span> <span class='ocrx_word' id='word_1_211' title='bbox 1616 2118 1667 2156; x_wconf 70' lang='lat' dir='ltr'>vet</span> <span class='ocrx_word' id='word_1_212' title='bbox 1695 2108 2043 2174; x_wconf 87' lang='lat' dir='ltr'>impugnationi</span> <span class='ocrx_word' id='word_1_213' title='bbox 2074 2126 2128 2157; x_wconf 84' lang='lat' dir='ltr'>ac</span> <span class='ocrx_word' id='word_1_214' title='bbox 2166 2109 2384 2158; x_wconf 88' lang='lat' dir='ltr'>omnibus</span> 
     </span>
     <span class='ocr_line' id='line_1_21' title="bbox 375 2196 2384 2264; baseline 0 -19"><span class='ocrx_word' id='word_1_215' title='bbox 375 2197 559 2262; x_wconf 85' lang='lat' dir='ltr'>auxilijs</span> <span class='ocrx_word' id='word_1_216' title='bbox 590 2207 638 2246; x_wconf 90' lang='lat' dir='ltr'>et</span> <span class='ocrx_word' id='word_1_217' title='bbox 660 2197 882 2263; x_wconf 88' lang='lat' dir='ltr'>remedijs</span> <span class='ocrx_word' id='word_1_218' title='bbox 912 2206 1011 2245; x_wconf 88' lang='lat' dir='ltr'>tam</span> <span class='ocrx_word' id='word_1_219' title='bbox 1033 2196 1155 2262; x_wconf 84' lang='lat' dir='ltr'>juris</span> <span class='ocrx_word' id='word_1_220' title='bbox 1187 2214 1328 2261; x_wconf 90' lang='lat' dir='ltr'>quam</span> <span class='ocrx_word' id='word_1_221' title='bbox 1358 2196 1466 2245; x_wconf 72' lang='lat' dir='ltr'>facffi</span> <span class='ocrx_word' id='word_1_222' title='bbox 1489 2197 1658 2261; x_wconf 88' lang='lat' dir='ltr'>quibus</span> <span class='ocrx_word' id='word_1_223' title='bbox 1685 2197 1873 2263; x_wconf 80' lang='lat' dir='ltr'>presens</span> <span class='ocrx_word' id='word_1_224' title='bbox 1901 2199 2170 2264; x_wconf 79' lang='lat' dir='ltr'>compos-itio</span> <span class='ocrx_word' id='word_1_225' title='bbox 2203 2209 2249 2247; x_wconf 93' lang='lat' dir='ltr'>et</span> <span class='ocrx_word' id='word_1_226' title='bbox 2283 2200 2384 2263; x_wconf 89' lang='lat' dir='ltr'>ejus</span> 
     </span>
     <span class='ocr_line' id='line_1_22' title="bbox 374 2284 2383 2351; baseline 0 -18"><span class='ocrx_word' id='word_1_227' title='bbox 374 2286 560 2334; x_wconf 66' lang='lat' dir='ltr'>effectus</span> <span class='ocrx_word' id='word_1_228' title='bbox 582 2285 762 2351; x_wconf 84' lang='lat' dir='ltr'>poffent</span> <span class='ocrx_word' id='word_1_229' title='bbox 785 2286 1051 2351; x_wconf 87' lang='lat' dir='ltr'>impugnari</span> <span class='ocrx_word' id='word_1_230' title='bbox 1073 2284 1148 2333; x_wconf 87' lang='lat' dir='ltr'>vel</span> <span class='ocrx_word' id='word_1_231' title='bbox 1169 2285 1395 2332; x_wconf 87' lang='lat' dir='ltr'>infirmari</span> <span class='ocrx_word' id='word_1_232' title='bbox 1418 2286 1496 2333; x_wconf 89' lang='lat' dir='ltr'>seu</span> <span class='ocrx_word' id='word_1_233' title='bbox 1513 2285 1730 2350; x_wconf 88' lang='lat' dir='ltr'>impediri</span> <span class='ocrx_word' id='word_1_234' title='bbox 1753 2285 1823 2334; x_wconf 88' lang='lat' dir='ltr'>vel</span> <span class='ocrx_word' id='word_1_235' title='bbox 1842 2285 2014 2335; x_wconf 88' lang='lat' dir='ltr'>deferri</span> <span class='ocrx_word' id='word_1_236' title='bbox 2041 2312 2052 2325; x_wconf 92' lang='lat'><strong>·</strong></span> <span class='ocrx_word' id='word_1_237' title='bbox 2078 2285 2137 2333; x_wconf 87' lang='lat' dir='ltr'>In</span> <span class='ocrx_word' id='word_1_238' title='bbox 2159 2287 2294 2351; x_wconf 85' lang='lat' dir='ltr'>cujus</span> <span class='ocrx_word' id='word_1_239' title='bbox 2317 2288 2383 2334; x_wconf 86' lang='lat' dir='ltr'>rei</span> 
     </span>
     <span class='ocr_line' id='line_1_23' title="bbox 373 2372 2382 2439; baseline 0 -18"><span class='ocrx_word' id='word_1_240' title='bbox 373 2373 686 2422; x_wconf 87' lang='lat' dir='ltr'>testimonium</span> <span class='ocrx_word' id='word_1_241' title='bbox 719 2373 843 2439; x_wconf 87' lang='lat' dir='ltr'>parti</span> <span class='ocrx_word' id='word_1_242' title='bbox 876 2373 1016 2437; x_wconf 88' lang='lat' dir='ltr'>hujus</span> <span class='ocrx_word' id='word_1_243' title='bbox 1051 2372 1280 2438; x_wconf 84' lang='lat' dir='ltr'>cirograffi</span> <span class='ocrx_word' id='word_1_244' title='bbox 1315 2390 1459 2438; x_wconf 90' lang='lat' dir='ltr'>penes</span> <span class='ocrx_word' id='word_1_245' title='bbox 1493 2373 1726 2438; x_wconf 69' lang='lat' dir='ltr'>predictos</span> <span class='ocrx_word' id='word_1_246' title='bbox 1761 2374 1980 2423; x_wconf 89' lang='lat' dir='ltr'>abbatem</span> <span class='ocrx_word' id='word_1_247' title='bbox 2014 2383 2062 2422; x_wconf 90' lang='lat' dir='ltr'>et</span> <span class='ocrx_word' id='word_1_248' title='bbox 2094 2384 2382 2423; x_wconf 85' lang='lat' dir='ltr'>conuentum</span> 
     </span>
     <span class='ocr_line' id='line_1_24' title="bbox 374 2460 2382 2527; baseline 0.001 -18"><span class='ocrx_word' id='word_1_249' title='bbox 374 2464 432 2510; x_wconf 90' lang='lat' dir='ltr'>de</span> <span class='ocrx_word' id='word_1_250' title='bbox 451 2461 609 2510; x_wconf 90' lang='lat' dir='ltr'>Insula</span> <span class='ocrx_word' id='word_1_251' title='bbox 625 2462 872 2516; x_wconf 75' lang='lat' dir='ltr'>COiffarum</span> <span class='ocrx_word' id='word_1_252' title='bbox 888 2462 1107 2510; x_wconf 81' lang='lat' dir='ltr'>residenti</span> <span class='ocrx_word' id='word_1_253' title='bbox 1130 2463 1392 2527; x_wconf 83' lang='lat' dir='ltr'>appositum</span> <span class='ocrx_word' id='word_1_254' title='bbox 1409 2462 1474 2510; x_wconf 87' lang='lat' dir='ltr'>est</span> <span class='ocrx_word' id='word_1_255' title='bbox 1488 2460 1685 2527; x_wconf 78' lang='lat' dir='ltr'>sigillum</span> <span class='ocrx_word' id='word_1_256' title='bbox 1709 2480 1959 2511; x_wconf 90' lang='lat' dir='ltr'>commune</span> <span class='ocrx_word' id='word_1_257' title='bbox 1982 2462 2179 2527; x_wconf 65' lang='lat' dir='ltr'>predicti</span> <span class='ocrx_word' id='word_1_258' title='bbox 2199 2464 2382 2517; x_wconf 72' lang='lat' dir='ltr'>monas-</span> 
     </span>
     <span class='ocr_line' id='line_1_25' title="bbox 373 2549 2381 2615; baseline 0 -18"><span class='ocrx_word' id='word_1_259' title='bbox 373 2550 478 2613; x_wconf 83' lang='lat' dir='ltr'>terij</span> <span class='ocrx_word' id='word_1_260' title='bbox 517 2549 576 2597; x_wconf 88' lang='lat' dir='ltr'>de</span> <span class='ocrx_word' id='word_1_261' title='bbox 596 2550 764 2614; x_wconf 88' lang='lat' dir='ltr'>Cupro</span> <span class='ocrx_word' id='word_1_262' title='bbox 797 2549 920 2614; x_wconf 90' lang='lat' dir='ltr'>parti</span> <span class='ocrx_word' id='word_1_263' title='bbox 950 2567 1061 2597; x_wconf 89' lang='lat' dir='ltr'>vero</span> <span class='ocrx_word' id='word_1_264' title='bbox 1098 2550 1342 2613; x_wconf 84' lang='lat' dir='ltr'>cyrograffi</span> <span class='ocrx_word' id='word_1_265' title='bbox 1373 2550 1592 2599; x_wconf 80' lang='lat' dir='ltr'>residenti</span> <span class='ocrx_word' id='word_1_266' title='bbox 1625 2550 1792 2615; x_wconf 86' lang='lat' dir='ltr'>[penes</span> <span class='ocrx_word' id='word_1_267' title='bbox 1823 2550 2059 2614; x_wconf 68' lang='lat' dir='ltr'>predictos</span> <span class='ocrx_word' id='word_1_268' title='bbox 2087 2550 2305 2599; x_wconf 84' lang='lat' dir='ltr'>abbatem</span> <span class='ocrx_word' id='word_1_269' title='bbox 2334 2560 2381 2598; x_wconf 85' lang='lat' dir='ltr'>et</span> 
     </span>
     <span class='ocr_line' id='line_1_26' title="bbox 371 2635 2381 2703; baseline 0 -18"><span class='ocrx_word' id='word_1_270' title='bbox 371 2646 659 2685; x_wconf 90' lang='lat' dir='ltr'>conuentum</span> <span class='ocrx_word' id='word_1_271' title='bbox 689 2636 748 2684; x_wconf 90' lang='lat' dir='ltr'>de</span> <span class='ocrx_word' id='word_1_272' title='bbox 767 2635 958 2702; x_wconf 81' lang='lat' dir='ltr'>Cupro]</span> <span class='ocrx_word' id='word_1_273' title='bbox 986 2638 1247 2701; x_wconf 78' lang='lat' dir='ltr'>appositum</span> <span class='ocrx_word' id='word_1_274' title='bbox 1271 2638 1337 2685; x_wconf 88' lang='lat' dir='ltr'>est</span> <span class='ocrx_word' id='word_1_275' title='bbox 1359 2636 1557 2702; x_wconf 78' lang='lat' dir='ltr'>sigillum</span> <span class='ocrx_word' id='word_1_276' title='bbox 1582 2655 1830 2686; x_wconf 83' lang='lat' dir='ltr'>commune</span> <span class='ocrx_word' id='word_1_277' title='bbox 1853 2637 2114 2703; x_wconf 74' lang='lat' dir='ltr'>monasterij</span> <span class='ocrx_word' id='word_1_278' title='bbox 2141 2638 2199 2686; x_wconf 86' lang='lat' dir='ltr'>de</span> <span class='ocrx_word' id='word_1_279' title='bbox 2226 2637 2381 2686; x_wconf 85' lang='lat' dir='ltr'>Insula</span> 
     </span>
     <span class='ocr_line' id='line_1_27' title="bbox 371 2723 2378 2789; baseline 0 -17"><span class='ocrx_word' id='word_1_280' title='bbox 371 2724 620 2780; x_wconf 61' lang='lat' dir='ltr'>missarum</span> <span class='ocrx_word' id='word_1_281' title='bbox 659 2753 668 2762; x_wconf 93' lang='lat'><em>-</em></span> <span class='ocrx_word' id='word_1_282' title='bbox 706 2723 891 2772; x_wconf 86' lang='lat' dir='ltr'>Datum</span> <span class='ocrx_word' id='word_1_283' title='bbox 928 2724 1056 2789; x_wconf 82' lang='lat' dir='ltr'>apud</span> <span class='ocrx_word' id='word_1_284' title='bbox 1080 2723 1236 2772; x_wconf 81' lang='lat' dir='ltr'>villam</span> <span class='ocrx_word' id='word_1_285' title='bbox 1265 2725 1328 2773; x_wconf 84' lang='lat' dir='ltr'>de</span> <span class='ocrx_word' id='word_1_286' title='bbox 1360 2725 1510 2773; x_wconf 89' lang='lat' dir='ltr'>Perth</span> <span class='ocrx_word' id='word_1_287' title='bbox 1546 2725 1627 2774; x_wconf 84' lang='lat' dir='ltr'>die</span> <span class='ocrx_word' id='word_1_288' title='bbox 1664 2725 1928 2774; x_wconf 81' lang='lat' dir='ltr'>natiuitatis</span> <span class='ocrx_word' id='word_1_289' title='bbox 1966 2725 2106 2774; x_wconf 68' lang='lat' dir='ltr'>sanffi</span> <span class='ocrx_word' id='word_1_290' title='bbox 2147 2725 2179 2773; x_wconf 88' lang='lat' dir='ltr'><strong>J</strong></span> <span class='ocrx_word' id='word_1_291' title='bbox 2182 2725 2378 2773; x_wconf 85' lang='lat' dir='ltr'>ohannis</span> 
     </span>
     <span class='ocr_line' id='line_1_28' title="bbox 373 2810 1551 2878; baseline 0.002 -19"><span class='ocrx_word' id='word_1_292' title='bbox 373 2812 582 2878; x_wconf 82' lang='lat' dir='ltr'>Baptiste</span> <span class='ocrx_word' id='word_1_293' title='bbox 606 2829 730 2860; x_wconf 90' lang='lat' dir='ltr'>anno</span> <span class='ocrx_word' id='word_1_294' title='bbox 753 2811 903 2876; x_wconf 86' lang='lat' dir='ltr'>gratie</span> <span class='ocrx_word' id='word_1_295' title='bbox 925 2810 1164 2860; x_wconf 86' lang='lat' dir='ltr'>millefimo</span> <span class='ocrx_word' id='word_1_296' title='bbox 1189 2816 1290 2860; x_wconf 85' lang='lat' dir='ltr'>cc¹¹²⁰</span> <span class='ocrx_word' id='word_1_297' title='bbox 1314 2812 1514 2861; x_wconf 90' lang='lat' dir='ltr'>secundo</span> <span class='ocrx_word' id='word_1_298' title='bbox 1541 2841 1551 2851; x_wconf 95' lang='lat'><strong>·</strong></span> 
     </span>
    </p>
   </div>
  </div>
 </body>
</html>
