2808 3926
1045 385 1150 433 DE
1194 385 1727 437 INCHAFFERY.
2324 395 2390 442 39

375 539 468 586 fine
500 537 629 585 omni
653 555 795 586 onere
819 547 866 587 et
888 539 982 588 fine
1007 541 1135 588 omni
1159 541 1337 591 elameo
1361 552 1409 591 et
1433 542 1712 609 calumpniis
1735 542 1829 592 mei
1851 552 1900 592 et
1923 542 2150 592 heredum
2174 561 2386 594 meorum

375 625 593 674 faciendo
633 635 820 674 tantum
862 625 1054 674 domino
1094 629 1249 677 nostro
1296 629 1421 695 Regi
1460 630 1520 678 de
1560 630 1682 679 dieta
1721 640 1846 679 terra
1885 630 2130 679 seruicium
2171 631 2384 680 debitum

375 724 422 763 et
446 714 716 762 consuetum
751 740 764 752 ·
801 713 908 780 Ego
931 731 1042 763 vero
1066 724 1114 763 et
1136 715 1333 765 heredes
1356 718 1449 766 mei
1473 718 1643 767 dietam
1667 718 1970 768 donationem
1994 719 2126 768 dietis
2150 720 2385 769 canonicis

373 812 421 851 et
445 819 607 851 eorum
630 801 958 855 suceefl'oribus
982 812 1147 851 eontra
1169 821 1332 852 omnes
1359 804 1572 854 homines
1596 815 1644 855 et
1665 806 1861 855 feminas
1885 806 1933 854 in
1957 816 2239 873 perpetuum
2262 825 2384 856 war-

373 889 708 939 rantizabimus
743 899 790 938 et
821 888 1128 938 defendemus
1167 918 1177 928 ·
1228 890 1287 938 In
1322 892 1457 956 cujus
1491 892 1561 940 rei
1594 893 1910 943 testimonium
1944 895 2129 960 presens
2162 895 2384 961 scriptum

373 977 503 1044 figilli
537 977 630 1026 mei
662 977 952 1043 impressione
986 977 1205 1026 roboraui
1240 1006 1253 1017 ·
1291 978 1399 1026 Hiis
1426 980 1622 1028 testibus
1649 979 1867 1030 Johanne
1900 981 2079 1048 Kokyn
2116 1009 2128 1021 ·
2163 982 2382 1031 Johanne

371 1068 430 1117 de
449 1067 637 1116 Labatil
661 1095 673 1107 ·
698 1068 730 1117 J
732 1067 916 1116 ohanne
933 1067 1098 1115 Abbot
1121 1092 1134 1105 ·
1160 1067 1391 1116 Nicholao
1409 1068 1468 1117 de
1488 1067 1765 1119 Scardbrow
1793 1098 1803 1109 ·
1828 1069 2065 1120 Willelmo
2088 1072 2148 1121 de
2165 1071 2348 1121 Dunde
2369 1101 2379 1111 ·

373 1155 568 1205 Andrea
592 1155 749 1205 Teket
774 1183 786 1195 ·
812 1155 1022 1205 Henrico
1046 1155 1106 1204 de
1130 1154 1338 1204 Bedford
1363 1183 1375 1195 ·
1400 1156 1604 1206 Rieardo
1628 1158 1687 1206 de
1710 1157 1927 1208 Berewik
1951 1169 1998 1208 et
2020 1159 2178 1209 multis
2200 1159 2300 1208 aliis
2327 1189 2336 1198 ·

376 1406 534 1474 Carta
558 1421 782 1471 willelmi
804 1420 886 1489 filij
916 1421 1097 1488 Hauyk
1120 1421 1180 1470 de
1203 1431 1328 1470 terra
1351 1421 1411 1471 de
1436 1421 1583 1471 Perth
1608 1448 1619 1461 .

283 1597 346 1642 40
376 1584 633 1651 Omnibus
671 1601 845 1651 Christi
879 1599 1099 1649 fidelibus
1144 1599 1234 1648 hoc
1277 1599 1502 1664 scriptum
1535 1598 1696 1646 visuris
1732 1596 1806 1648 vel
1850 1599 2078 1648 audituris
2115 1600 2376 1651 Willelmus

370 1690 492 1739 filius
522 1689 737 1739 Hawook
764 1689 1003 1755 burgensis
1031 1688 1091 1737 de
1130 1686 1278 1736 Perth
1314 1686 1508 1735 salutem
1539 1696 1751 1735 eternam
1779 1686 1828 1734 in
1857 1687 2048 1736 domino
2084 1715 2096 1727 ·
2132 1688 2377 1738 Noueritis

370 1797 446 1828 me
483 1778 654 1827 dediffe
682 1788 731 1827 et
765 1777 1022 1827 coneefliffe
1060 1786 1108 1825 et
1143 1776 1233 1825 hac
1268 1775 1472 1841 presenti
1504 1785 1632 1824 carta
1659 1793 1765 1824 mea
1794 1776 2082 1825 confirmasse
2110 1795 2195 1843 pro
2223 1795 2298 1827 me
2330 1787 2376 1827 et

367 1868 618 1917 heredibus
664 1867 781 1916 meis
827 1867 874 1914 in
922 1875 1206 1933 perpetuum
1252 1866 1342 1914 deo
1387 1874 1436 1914 et
1480 1865 1617 1914 beate
1663 1865 1818 1919 COarie
1863 1873 1913 1914 et
1956 1866 2110 1915 sanfim
2166 1866 2375 1916 Johanni

368 1957 573 2023 apostolo
630 1966 678 2006 et
724 1955 1006 2021 euangeliste
1052 1956 1112 2004 de
1164 1953 1320 2002 Insula
1369 1954 1615 2009 COiffarum
1672 1964 1719 2002 et
1774 1954 2009 2003 canonicis
2058 1955 2231 2004 ibidem
2287 1956 2374 2005 deo

369 2047 676 2096 seruientibus
701 2056 749 2095 et
771 2045 821 2094 in
844 2054 1130 2111 perpetuum
1160 2044 1399 2093 seruituris
1430 2061 1516 2109 pro
1540 2043 1745 2109 quadam
1773 2044 1953 2092 summa
1979 2044 2205 2110 peccunie
2233 2063 2372 2110 quam

369 2135 485 2182 mihi
512 2152 597 2200 pre
628 2134 846 2182 manibus
874 2133 923 2181 in
951 2150 1057 2182 mea
1082 2149 1256 2198 magna
1282 2132 1549 2180 necestitate
1583 2131 1816 2180 dederunt
1850 2141 1996 2180 totam
2026 2142 2199 2181 terram
2233 2151 2374 2198 quam

370 2223 501 2272 tenui
534 2223 592 2271 de
624 2222 794 2270 abbate
825 2231 873 2270 et
905 2229 1146 2270 conuentu
1177 2220 1236 2268 de
1270 2219 1427 2268 Scona
1456 2219 1507 2267 in
1537 2218 1646 2267 villa
1673 2220 1732 2268 de
1763 2218 1910 2267 Perth
1937 2219 1987 2266 in
2012 2218 2088 2267 via
2120 2219 2295 2268 boreali
2325 2231 2374 2269 et

368 2322 522 2361 totum
548 2313 629 2377 jus
658 2311 785 2376 quod
813 2310 962 2359 habeo
985 2319 1033 2358 et
1056 2309 1184 2374 quod
1205 2308 1322 2356 mihi
1344 2318 1392 2358 et
1415 2308 1668 2357 heredibus
1690 2308 1807 2357 meis
1830 2317 2095 2373 competere
2123 2308 2296 2373 poterit
2324 2309 2373 2357 in

367 2401 580 2450 futurum
604 2400 654 2447 in
677 2408 801 2448 terra
823 2397 1031 2464 predieta
1056 2425 1066 2436 ·
1093 2396 1373 2445 Tenendam
1397 2404 1445 2445 et
1466 2395 1732 2445 habendam
1755 2396 1860 2461 ipsis
1883 2395 2117 2444 canonicis
2141 2395 2199 2444 de
2219 2396 2374 2445 Insula

368 2491 611 2545 COifl'arum
647 2499 694 2538 et
733 2505 896 2537 eorum
941 2485 1267 2535 suecessoribus
1304 2485 1354 2532 in
1391 2493 1676 2551 perpetuum
1711 2483 1855 2532 libere
1891 2482 2047 2548 quiete
2083 2482 2289 2549 plenarie
2325 2495 2373 2534 et

367 2578 623 2628 honorifice
659 2604 671 2615 ·
709 2574 975 2625 Reddendo
1003 2573 1114 2622 inde
1151 2573 1396 2621 annuatim
1425 2573 1531 2639 ipsis
1561 2572 1721 2621 abbati
1752 2580 1799 2620 et
1833 2570 2088 2620 conuentui
2121 2571 2180 2620 de
2218 2572 2372 2621 Seona

366 2670 550 2716 firmam
579 2684 720 2732 quam
748 2683 837 2731 ego
865 2664 934 2714 eis
964 2663 1139 2713 soluere
1171 2663 1392 2712 consueui
1427 2689 1439 2701 ·
1475 2661 1691 2711 videlicet
1722 2661 1930 2726 quinque
1969 2660 2133 2709 solidos
2162 2661 2222 2709 ad
2253 2662 2370 2710 duos

364 2758 476 2806 anni
510 2756 734 2806 terminos
769 2754 1070 2802 medietatem
1103 2752 1274 2801 seilicet
1309 2752 1371 2800 ad
1405 2751 1697 2817 penticosten
1728 2759 1776 2799 et
1807 2748 1946 2798 aliam
1979 2749 2279 2798 medietatem
2308 2750 2369 2798 ad

364 2846 530 2895 festum
576 2843 716 2892 saneti
761 2842 961 2896 martini
1001 2841 1051 2889 in
1096 2844 1235 2907 yeme
1281 2857 1366 2905 pro
1402 2837 1757 2889 om11i.seruieio
1802 2836 1994 2885 seculari
2038 2837 2368 2885 consuetudine

365 2933 604 2983 exaffione
627 2941 675 2980 et
698 2931 933 2980 demanda
959 2958 968 2968 ·
993 2928 1117 2978 saluo
1139 2928 1332 2977 seruicio
1357 2927 1536 2976 domini
1559 2927 1705 2992 Regis
1737 2952 1749 2965 ·
1780 2926 1840 2973 In
1863 2926 1998 2991 eujus
2021 2925 2089 2974 rei
2111 2925 2367 2973 testimoni-

365 3040 446 3072 um
469 3022 580 3071 huie
601 3004 770 3087 scripto
792 3019 988 3085 sigillum
1013 3035 1172 3067 meum
1195 3016 1385 3083 apposui
1411 3043 1423 3055 ·
1450 3015 1559 3064 Hiis
1582 3015 1775 3064 testibus
1800 3013 2034 3063 Willelmo
2058 3014 2116 3062 de
2147 3013 2326 3063 Dunde
2351 3039 2362 3052 ·
