2756 3926
402 383 463 434 74
1160 381 1639 431 REGISTRUM

404 539 529 588 dinis
565 548 613 588 et
648 540 695 588 in
729 539 949 588 omnibus
973 536 1076 601 alijs
1099 535 1394 602 ayfiamentis
1418 535 1479 583 ad
1506 535 1705 584 eandem
1729 544 1902 584 terram
1924 536 2271 601 pertinentibus
2293 539 2407 586 ficut

404 627 560 691 aliqua
583 627 779 675 terrain
810 626 1076 691 episcopatu
1108 623 1263 671 nostro
1286 621 1479 671 liberius
1509 621 1697 687 plenius
1729 631 1776 671 et
1806 622 2191 671 honorificentius
2222 633 2409 673 tenetur

406 726 453 764 et
497 716 749 781 possidetur
786 713 911 761 salua
955 712 1189 759 duntaxat
1233 710 1442 776 predicta
1488 710 1717 775 pencione
1756 739 1767 749 ·
1815 710 2032 759 Testibus
2065 711 2157 777 hijs
2191 712 2409 760 Johanne

405 803 732 851 archidiacono
756 802 815 850 de
842 800 1125 865 Stratheryn
1150 825 1162 838 ·
1190 799 1239 849 G
1265 827 1275 838 ·
1312 799 1484 848 comite
1508 799 1567 848 de
1594 798 1878 865 Stratheryn
1903 807 1952 848 et
1974 800 2116 849 fratre
2148 801 2250 866 ejus
2275 827 2286 839 ·
2313 801 2370 854 CC)
2396 827 2408 839 ·

409 890 675 956 Reginaldo
715 899 762 939 et
798 890 942 938 fratre
977 891 1079 954 ejus
1123 889 1369 955 Stephano
1404 889 1660 955 capellanis
1691 890 1857 938 nostris
1889 916 1901 930 ·
1934 890 2146 939 Roberto
2184 899 2232 939 et
2268 891 2410 939 Petro

408 977 658 1043 capellanis
701 977 760 1026 de
803 977 1086 1042 Tybirmore
1134 1004 1145 1016 ·
1187 977 1433 1026 Bernardo
1469 986 1517 1026 et
1551 977 1759 1025 Ricardo
1793 976 2045 1043 capellanis
2085 978 2144 1026 de
2186 978 2363 1044 Gargill
2399 1007 2409 1017 ·

407 1066 622 1131 magistro
648 1065 699 1112 H
721 1093 731 1105 ·
757 1075 805 1114 et
829 1065 893 1113 W
919 1093 929 1104 ·
955 1066 1015 1115 de
1038 1065 1255 1114 Lockest'
1281 1066 1462 1115 clericis
1486 1065 1650 1114 nostris
1670 1094 1681 1105 ·
1705 1065 1897 1115 Valant’
1913 1066 2139 1130 pincerna
2165 1096 2175 1106 ·
2202 1067 2412 1116 Roberto

408 1167 455 1205 et
481 1155 674 1204 Simone
697 1154 950 1220 nepotibus
974 1155 1139 1203 nostris
1158 1181 1169 1193 ·
1195 1155 1338 1203 Petro
1363 1155 1422 1203 de
1448 1154 1650 1204 Camera
1675 1182 1685 1192 ·
1711 1154 1922 1203 Roberto
1940 1155 2147 1204 Ferrone
2166 1183 2178 1194 ·
2197 1155 2413 1204 Galfrido

411 1243 646 1294 Hostiario
673 1272 683 1282 ·
709 1243 903 1292 Ratulfo
930 1242 1129 1309 Geruny
1158 1271 1169 1282 ·
1195 1243 1417 1292 Hamone
1442 1242 1571 1292 Coeo
1597 1271 1607 1281 ·
1631 1242 1772 1308 Josep
1796 1252 1844 1292 et
1866 1243 1970 1309 alijs
1991 1243 2153 1292 multis
2180 1272 2190 1282 ·

416 1491 742 1557 Confirmatio
769 1506 990 1572 Hugonis
1013 1506 1218 1572 episcopi
1243 1507 1303 1555 de
1326 1506 1526 1555 Abthan
1549 1507 1608 1584 (16
1631 1505 1897 1573 COadirnyn
1923 1536 1934 1546 ·

324 1670 384 1722 77
415 1665 579 1748 Hugo
615 1681 691 1730 dei
730 1681 882 1747 gratia
922 1681 1165 1746 episcopus
1201 1680 1554 1730 Dunkeldenfis
1588 1681 1812 1730 vniuerfis
1846 1682 1997 1730 sancte
2032 1681 2191 1736 matris
2228 1683 2414 1731 ecclesie

409 1773 517 1838 filijs
547 1771 741 1820 salutem
775 1798 786 1808 ·
813 1769 979 1819 Sciant
1002 1787 1165 1819 omnes
1196 1770 1432 1835 presentes
1463 1779 1510 1818 et
1539 1769 1689 1833 futuri
1719 1787 1806 1819 nos
1829 1771 2084 1819 conceflifl'e
2108 1780 2156 1819 et
2178 1771 2265 1819 hac
2288 1780 2416 1819 carta

410 1862 565 1909 nostra
587 1859 873 1908 confirmaffe
895 1859 1005 1908 Deo
1030 1868 1077 1908 et
1105 1858 1291 1908 ecclesie
1315 1860 1456 1907 samffi
1485 1859 1717 1908 Johannis
1741 1859 1800 1908 de
1825 1859 2098 1926 Inchaffryn
2127 1870 2174 1909 et
2195 1860 2414 1910 fratribus

409 1950 587 1999 ibidem
615 1950 704 1998 deo
735 1948 1046 1998 seruientibus
1078 1957 1125 1997 et
1156 1948 1396 1997 seruituris
1427 1930 1602 1997 terram
1633 1949 1838 1997 nostram
1870 1949 1918 1996 in
1950 1950 2292 2016 COaddyrnyne
2324 1968 2414 2015 que

410 2049 534 2088 terra
554 2047 748 2086 vocatur
770 2037 968 2085 Abthen
991 2054 1076 2102 per
1099 2037 1201 2084 suas
1224 2037 1371 2085 rectas
1395 2036 1563 2085 diuisas
1587 2054 1697 2085 cum
1721 2037 1938 2085 omnibus
1957 2037 2092 2100 justis
2115 2038 2414 2102 pertinentijs

410 2126 499 2174 suis
533 2154 543 2164 ·
577 2119 854 2174 Tenendam
877 2124 936 2172 de
959 2124 1094 2172 nobis
1125 2124 1344 2189 predictis
1366 2123 1589 2172 fratribus
1613 2123 1663 2172 in
1694 2133 1978 2190 perpetuum
2010 2125 2254 2174 reddendo
2278 2125 2414 2174 nobis

413 2226 458 2264 et
494 2215 820 2264 successoribus
852 2214 1020 2263 nostris
1049 2213 1298 2262 annuatim
1332 2231 1475 2261 vnam
1508 2229 1714 2267 marcam
1746 2213 1931 2279 argenti
1960 2213 2130 2262 scilicet
2164 2214 2414 2263 dimidium

412 2305 472 2353 ad
495 2305 785 2370 penticos’ten
821 2313 869 2352 et
892 2303 1145 2352 dimidium
1168 2303 1229 2351 ad
1253 2302 1418 2351 festum
1453 2301 1599 2351 sancti
1621 2302 1822 2357 martini
1858 2330 1869 2341 ·
1905 2302 2138 2351 Volumus
2172 2303 2330 2369 itaque
2364 2313 2415 2351 vt

412 2394 536 2442 idem
554 2393 720 2441 fratres
743 2391 1001 2458 predi6³ffim
1018 2400 1193 2440 terram
1216 2384 1411 2440 teneant
1435 2399 1482 2440 et
1499 2391 1757 2456 poffideant
1780 2391 1840 2439 de
1862 2391 1997 2440 nobis
2021 2401 2068 2440 et
2090 2392 2414 2440 successoribus

413 2483 577 2531 nostris
600 2482 666 2530 ita
687 2481 833 2530 libere
861 2487 909 2530 et
931 2480 1091 2545 quiete
1121 2480 1330 2544 plenarie
1355 2490 1401 2528 et
1423 2480 1684 2528 honorifice
1708 2480 1767 2528 ab
1791 2480 1921 2528 omni
1949 2480 2189 2529 exafflone
2219 2489 2268 2529 et
2300 2498 2414 2529 con-

413 2571 659 2621 suetudine
683 2580 730 2620 et
752 2570 944 2619 seruicio
965 2569 1159 2618 seculari
1182 2570 1244 2617 ad
1277 2586 1362 2617 nos
1397 2569 1666 2633 pertinente
1696 2569 1744 2615 in
1780 2568 1914 2618 bosco
1938 2578 1986 2617 et
2013 2567 2152 2632 plano
2187 2568 2236 2616 in
2267 2569 2412 2633 pratis

415 2671 462 2711 et
484 2660 664 2725 pascuis
695 2659 745 2706 in
768 2658 900 2724 aquis
924 2666 974 2707 et
996 2657 1280 2706 molendinis
1305 2666 1352 2706 et
1380 2657 1432 2705 in
1453 2657 1675 2705 omnibus
1698 2656 1798 2721 alijs
1817 2657 2112 2722 ayfiamentis
2134 2657 2195 2705 ad
2214 2658 2413 2706 eandem

413 2760 586 2800 terram
614 2747 958 2814 pertinentibus
981 2747 1096 2795 sicut
1118 2745 1277 2809 aliqua
1295 2754 1419 2794 terra
1442 2745 1491 2794 in
1515 2744 1783 2810 episcopatu
1807 2746 1962 2793 nostro
1987 2771 1998 2783 ·
2024 2744 2212 2793 liberius
2229 2745 2412 2810 plenius

414 2849 462 2888 et
494 2835 878 2886 honorificentius
912 2844 1102 2884 tenetur
1136 2844 1185 2884 et
1214 2835 1467 2900 poffidetur
1495 2833 1620 2882 salua
1647 2835 1884 2883 duntaxat
1910 2834 2119 2900 predi6ta
2144 2835 2374 2899 pencione
2400 2863 2412 2875 ·

415 2926 630 2975 Testibus
653 2925 745 2989 hijs
779 2924 992 2990 magistro
1029 2923 1241 2972 Henrico
1275 2923 1603 2972 archidiacono
1637 2924 1790 2972 nostro
1816 2950 1827 2962 ·
1864 2923 2078 2988 magistro
2114 2923 2325 2973 Roberto
2353 2925 2413 2973 de

414 3013 725 3080 Raperessaue
758 3038 770 3053 ο
802 3013 1017 3079 magistro
1052 3012 1084 3061 J
1086 3012 1270 3061 ohanne
1301 3013 1361 3061 de
1390 3012 1589 3061 Hetoun
1622 3040 1633 3050 ·
1662 3012 1823 3060 Adam
1847 3012 1906 3061 de
1931 3012 2179 3062 Prebenda
2211 3041 2222 3052 ·
2260 3013 2412 3063 Gille-

412 3104 545 3152 berto
563 3101 803 3168 capellano
828 3101 887 3150 de
913 3100 1219 3167 Aberlauedy
1235 3101 1471 3150 canonicis
1495 3101 1909 3151 Dunkeldenfibus
1935 3129 1946 3142 ·
1971 3102 2202 3168 Ewgenio
2220 3103 2413 3166 persona
