2808 3926
1118 345 1221 434 niz
1267 384 1795 435 INCHAFFERY.
2396 396 2455 440 51

455 610 615 676 Carta
639 627 697 675 de
721 625 898 692 capella
929 625 988 674 de
1020 625 1218 691 Wuyste
1251 626 1311 674 de
1342 635 1467 674 terra
1489 626 1547 674 de
1577 626 1843 693 Caryinche
1867 638 1914 676 et
1942 626 2046 694 alijs
2078 638 2278 693 quatuor
2309 630 2456 679 dena-

448 715 638 763 nariatis
663 725 786 764 terre
813 743 823 753 ·

358 896 421 941 50
451 873 707 939 Omnibus
732 890 903 941 Christi
926 890 1141 940 fidelibus
1163 891 1249 939 has
1271 890 1427 940 literas
1451 891 1725 958 inspecturis
1748 892 1822 941 vel
1844 893 2074 942 audituris
2107 893 2366 943 Godfridus
2390 895 2450 943 de

448 977 604 1026 Insula
626 979 844 1028 dominus
867 979 926 1028 de
941 979 1075 1045 Wyst
1098 978 1291 1027 salutem
1314 978 1364 1027 in
1385 979 1632 1028 visceribus
1655 978 1893 1028 saluatoris
1919 1008 1931 1019 ·
1955 980 2161 1030 Nouerit
2177 982 2447 1032 vniuerfitas

445 1066 594 1115 vestra
620 1084 706 1116 nos
728 1067 899 1116 dedifl'e
923 1067 1177 1116 oonceffiffe
1200 1084 1256 1115 ac
1281 1066 1483 1131 presenti
1512 1065 1685 1132 [carta]
1711 1067 1997 1116 confirmasse
2018 1085 2105 1134 pro
2127 1068 2271 1119 salute
2293 1070 2448 1119 anime

445 1156 599 1206 nostre
622 1165 670 1205 et
693 1158 954 1205 nostrorum
976 1156 1346 1223 predecessorum
1369 1154 1419 1203 in
1441 1154 1619 1204 honore
1640 1155 1792 1204 sant‘ste
1815 1155 2037 1205 trinitatis
2061 1166 2109 1206 et
2131 1158 2267 1207 beate
2290 1159 2448 1213 marie

443 1247 633 1312 virginis
660 1246 851 1312 gloriose
879 1246 1151 1301 monasterio
1191 1245 1331 1294 saneti
1361 1243 1592 1294 Johannis
1626 1243 1908 1310 euangeliste
1935 1244 1985 1293 in
2014 1245 2171 1294 Insula
2204 1247 2449 1300 missarum

442 1342 490 1382 et
524 1333 778 1383 conuentui
813 1333 1020 1398 ejusdem
1053 1332 1103 1380 in
1137 1349 1305 1398 puram
1336 1340 1384 1380 et
1411 1340 1689 1397 perpetuam
1717 1330 2011 1380 elemofinam
2043 1332 2269 1399 capellam
2300 1335 2449 1384 sanote

442 1421 662 1469 trinitatis
685 1422 734 1469 in
749 1421 884 1487 Wyst
908 1429 956 1470 et
979 1429 1127 1470 totam
1151 1430 1324 1469 terram
1347 1420 1406 1468 de
1427 1418 1653 1485 Karynch
1676 1428 1724 1467 et
1747 1429 1948 1484 quatuor
1970 1419 2237 1470 denariatas
2261 1413 2384 1472 terre
2402 1424 2450 1471 in

441 1509 585 1558 Ylara
607 1510 730 1558 inter
755 1509 984 1558 Husabost
1010 1507 1102 1575 [et]
1130 1507 1455 1557 K'anerrarach
1473 1508 1672 1556 cituatas
1690 1509 1806 1556 ficut
1822 1507 1989 1557 melius
2005 1508 2197 1557 liberius
2222 1509 2448 1559 honorifi-

440 1598 622 1646 centius
649 1607 698 1646 et
722 1596 876 1646 vtilius
906 1596 1108 1646 Oristina
1134 1596 1230 1644 filia
1257 1595 1402 1644 Alani
1428 1596 1550 1643 bone
1581 1595 1806 1644 memorie
1829 1613 1941 1645 vera
1970 1596 2107 1645 heres
2134 1606 2182 1646 et
2217 1597 2444 1664 Reginal-

439 1687 527 1734 dus
573 1686 723 1735 dietus
769 1685 1016 1751 CO‘Rodry
1051 1702 1189 1734 verus
1224 1684 1442 1733 dominus
1488 1693 1537 1732 et
1581 1693 1809 1749 patronus
1855 1684 2026 1734 di8tam
2071 1684 2298 1752 capellam
2336 1704 2445 1736 eum

439 1775 630 1842 prefatis
653 1774 788 1823 terris
811 1774 944 1823 dietis
962 1774 1236 1828 monasterio
1259 1782 1307 1822 et
1330 1772 1587 1822 conuentui
1609 1772 1913 1822 contulerunt
1938 1802 1949 1812 ·
1978 1773 2084 1823 Nos
2106 1792 2216 1823 vero
2233 1775 2445 1826 volentes

439 1864 733 1913 collationem
758 1872 805 1912 et
828 1863 1131 1912 donationem
1155 1863 1412 1912 eorundem
1434 1863 1620 1910 firmam
1643 1879 1698 1910 ac
1724 1862 1935 1911 stabilem
1963 1880 2239 1929 permanere
2263 1866 2445 1914 easdem

440 1969 526 2019 per
558 1953 792 2018 presentes
826 1953 1112 2000 affirmamus
1145 1952 1431 2000 ratificamus
1465 1950 1782 2017 approbamus
1812 1968 1868 2000 ae
1895 1951 2179 2002 innouamus
2207 1965 2255 2002 et
2282 1954 2364 2002 sub
2388 1971 2444 2003 ea

439 2042 590 2090 forma
619 2040 835 2090 videlieet
862 2040 989 2106 quod
1016 2023 1171 2089 noster
1202 2039 1395 2089 dileetus
1423 2056 1478 2087 ae
1504 2038 1711 2105 specialis
1739 2039 1960 2088 dominus
1985 2040 2195 2089 Thomas
2223 2042 2440 2107 sepedifiti

439 2129 696 2194 ‹nonasterij
728 2129 982 2178 canonicus
1010 2128 1200 2177 nomine
1227 2128 1336 2177 dieti
1362 2129 1623 2193 monasterij
1657 2127 1827 2176 di&am
1854 2128 2083 2195 capellam
2110 2147 2221 2179 cum
2247 2131 2440 2197 prefatis

438 2216 573 2265 terris
607 2226 655 2266 et
692 2216 909 2265 omnibus
945 2216 1034 2264 suis
1071 2215 1371 2282 pertinentijs
1406 2215 1589 2280 integre
1624 2215 1818 2281 pacifice
1856 2225 1904 2264 et
1942 2216 2099 2281 quiete
2134 2218 2357 2284 poffideat
2384 2237 2439 2267 ac

438 2305 645 2372 plenarie
682 2332 692 2344 ·
736 2305 794 2353 In
835 2305 968 2371 cujus
1002 2304 1070 2353 rei
1106 2304 1421 2354 testimonium
1456 2302 1653 2370 figillum
1692 2305 1902 2354 nostrum
1938 2306 2226 2372 presentibus
2262 2309 2437 2373 apponi

435 2393 631 2442 fecimus
655 2393 783 2460 apud
807 2394 1006 2442 castrum
1029 2393 1236 2442 nostrum
1259 2393 1319 2441 de
1344 2391 1496 2441 Elane
1528 2392 1675 2459 t5rrim
1701 2421 1713 2432 ·
1747 2393 1812 2459 vij
1839 2422 1850 2433 ·
1876 2394 1953 2443 die
1980 2396 2149 2444 mensis
2172 2394 2286 2462 Julij
2311 2413 2437 2447 anno

434 2482 614 2531 domini
636 2481 878 2531 millefimo
902 2486 1031 2531 eccm
1054 2482 1327 2547 offlogefimo
1350 2499 1476 2530 nono
1499 2508 1511 2520 ·

434 2730 613 2796 Litera
634 2746 952 2797 testimonialis
974 2747 1145 2814 sayfine
1168 2755 1291 2796 terre
1316 2746 1456 2813 Bricij
1483 2746 1542 2795 de
1565 2745 1852 2795 Ardroffane
1873 2771 1886 2785 ·

346 2923 406 2968 51
436 2903 692 2971 Omnibus
714 2923 798 2972 has
820 2923 979 2973 literas
1000 2923 1161 2973 visuris
1183 2922 1259 2973 vel
1284 2923 1515 2973 audituris
1546 2922 1730 2971 Bricius
1761 2922 1821 2972 de
1849 2921 2106 2972 Ardrofl'an
2134 2932 2344 2973 eternam
2373 2924 2421 2972 in

432 3009 622 3060 domino
637 3010 829 3062 salutem
847 3041 858 3052 ·
876 3012 1081 3062 Nouerit
1094 3013 1364 3062 vniuerfitas
1381 3013 1530 3062 vestra
1545 3029 1622 3061 me
1635 3029 1741 3061 mea
1753 3011 2006 3078 spontanea
2019 3011 2260 3061 voluntate
2274 3012 2422 3061 tradi-

432 3097 542 3147 difi'e
565 3099 723 3149 abbati
746 3110 792 3150 et
816 3101 1073 3150 c'onuentui
1097 3101 1156 3150 de
1181 3101 1336 3150 Insula
1358 3101 1603 3156 COifl'arum
1626 3100 1882 3167 plenariam
1903 3101 2123 3167 sayfinam
2137 3099 2282 3149 totius
2299 3109 2419 3149 terre
