2756 3926
1120 353 1203 394 DE
1242 352 1684 395 INCHAFFERY.
2322 358 2400 398 131

383 487 588 530 bollarum
629 488 745 530 ordei
784 488 1002 531 annuatim
1042 487 1206 531 levandi
1247 488 1300 530 de
1340 488 1462 531 terris
1502 488 1554 531 de
1595 489 1940 532 Tullechandich.
2001 490 2116 533 Data
2168 491 2282 546 apud
2320 491 2403 533 Ald

383 567 590 610 Montrois
612 569 667 610 22
689 567 951 624 Septembris
971 568 1078 610 A.D.
1103 569 1228 611 1588.

299 805 355 848 37
379 806 614 863 Discharge
654 808 708 864 by
748 807 820 850 the
860 807 950 850 said
989 808 1135 851 Andro
1176 808 1363 851 Graham
1402 815 1446 851 to
1481 808 1724 852 Alexander
1764 810 1938 865 Murray
1974 809 2024 851 of
2064 807 2254 850 Wodend
2293 807 2399 849 from

379 894 580 942 payment
607 888 656 929 of
678 887 749 930 the
776 888 910 931 above
937 887 1095 931 annual
1120 888 1342 932 redeemed
1368 888 1423 945 by
1445 888 1518 931 the
1539 902 1692 931 sowme
1717 888 1767 931 of
1787 887 1880 945 fifty
1902 888 2062 931 markis
2093 902 2245 944 money
2266 887 2402 930 vsuall

379 965 428 1006 of
443 964 526 1008 this
546 966 715 1009 realme.
777 967 906 1009 Perth
924 968 950 1010 9
972 967 1145 1010 Merche
1163 968 1272 1010 A.D.
1295 969 1421 1011 1594.

294 1208 351 1248 38
377 1207 504 1249 Carta
529 1221 626 1250 cum
659 1214 862 1264 precepto
887 1206 1025 1250 sasine
1057 1208 1112 1250 ab
1132 1206 1376 1250 Alexandro
1407 1207 1583 1263 Murray
1609 1206 1663 1249 de
1692 1205 1884 1248 Wodend
1911 1204 2097 1247 Patricio
2128 1205 2301 1260 Murray
2323 1218 2400 1246 suo

373 1287 460 1330 filio
496 1287 777 1344 primogenito
806 1301 857 1330 ac
886 1286 1048 1343 Egedie
1077 1287 1252 1343 Murray
1282 1285 1368 1329 filie
1397 1286 1426 1329 J
1429 1284 1607 1328 ohannis
1637 1285 1812 1342 Murray
1847 1285 1900 1328 de
1935 1283 2221 1327 Tibbermwre
2256 1282 2398 1326 future

371 1381 524 1423 sponse
554 1366 659 1410 dicti
684 1365 855 1422 Patrieij
877 1366 994 1409 facta
1018 1379 1096 1422 pro
1124 1364 1370 1422 impletione
1397 1379 1474 1408 sue
1503 1364 1637 1422 partis
1666 1364 1886 1407 cuiusdam
1915 1368 2156 1407 contractus
2186 1361 2400 1406 matrimo-

311 1433 321 1439 ’
370 1447 496 1490 nialis
517 1461 645 1504 super
665 1446 842 1502 triginta
865 1445 1058 1489 solidatis
1077 1452 1285 1489 terrarum
1311 1459 1445 1502 prope
1469 1445 1598 1488 finem
1622 1444 1730 1487 silue
1750 1444 1804 1487 de
1831 1443 2052 1486 Incheviot
2074 1457 2129 1485 ex
2149 1442 2401 1486 occidentali

369 1533 490 1584 parte
510 1527 701 1570 eiusdem
721 1525 850 1583 vulgo
877 1524 1002 1568 dictis
1023 1525 1218 1568 Wodend
1244 1524 1362 1581 petia
1381 1530 1493 1567 terre
1514 1531 1664 1568 vocata
1690 1523 1745 1566 lie
1766 1523 1888 1566 Bone
1915 1521 2055 1565 insula
2074 1530 2224 1566 vocata
2250 1522 2397 1565 Braid-

367 1607 492 1649 inche
514 1621 610 1649 cum
631 1605 842 1649 marresiis
861 1604 1052 1648 eiusdem
1072 1604 1190 1661 petia
1209 1603 1312 1648 silve
1331 1619 1386 1648 ex
1407 1610 1529 1661 parte
1549 1603 1725 1647 australi
1745 1602 1858 1646 dicte
1881 1602 1937 1645 lie
1963 1602 2215 1646 Braidinche
2235 1602 2398 1646 iacente

369 1686 475 1729 silva
504 1687 556 1730 de
592 1685 812 1729 Incheviot
846 1685 1054 1743 terrisque
1090 1684 1268 1728 silvariis
1302 1684 1493 1728 eiusdem
1527 1683 1642 1741 petia
1669 1690 1780 1727 terre
1813 1690 1961 1726 vocata
1995 1682 2052 1726 lie
2079 1682 2197 1725 Blair
2228 1681 2397 1725 Todhill

370 1766 665 1824 Incheualayis
685 1781 782 1811 cum
811 1766 868 1809 lie
896 1766 1179 1823 Langmedow
1200 1771 1245 1808 et
1274 1764 1329 1808 lie
1349 1764 1500 1807 messis
1529 1763 1840 1807 Accornefauld
1870 1777 1967 1806 cum
1987 1763 2181 1807 domibus
2201 1771 2246 1807 et
2265 1763 2398 1806 hortis

369 1862 418 1890 ac
439 1862 534 1890 cum
557 1847 752 1889 omnibus
776 1846 949 1889 decimis
978 1845 1222 1902 garbalibus
1252 1844 1461 1888 dictarum
1491 1850 1761 1887 terrarumet
1790 1843 1846 1886 lie
1870 1843 2089 1891 Wellcroft
2119 1852 2163 1887 et
2186 1844 2242 1887 lie
2265 1859 2394 1901 grene

368 1927 479 1969 eirth
510 1941 675 1969 necnon
710 1941 839 1983 super
868 1925 1149 1969 Windmilhill
1179 1924 1460 1982 quadraginta
1489 1923 1680 1967 solidatis
1711 1930 1917 1966 terrarum
1947 1923 1999 1966 de
2031 1923 2268 1967 Thornihill
2297 1940 2393 1967 cum

369 2015 491 2065 prato
521 2013 566 2050 et
588 2021 706 2049 mora
732 2006 921 2049 eiusdem
951 2004 1299 2049 Tulliechandich
1327 2018 1424 2048 cum
1451 2003 1507 2047 lie
1536 2018 1666 2060 grene
1694 2003 1782 2046 risk
1812 2018 1863 2046 ac
1891 2003 1947 2046 lie
1977 2004 2108 2047 aucht
2136 2003 2266 2060 riggis
2296 2019 2393 2048 cum

368 2086 634 2145 pertinentiis
674 2092 718 2129 et
757 2084 931 2129 decimis
970 2085 1213 2141 garbalibus
1251 2084 1478 2128 earundem
1519 2091 1739 2127 terrarum.
1813 2084 1927 2126 Data
1960 2084 2073 2140 apud
2110 2084 2298 2127 Wodend
2336 2086 2391 2128 28

282 2170 285 2173 ’
369 2167 585 2223 Februarij
607 2167 715 2210 A.D.
738 2167 862 2209 1614.
