2756 3926
1121 370 1205 411 DE
1244 370 1685 413 INCHAFFERY.
2326 373 2407 414 125

312 577 365 618 16
391 581 662 624 Confirmatio
685 582 1039 625 Commendatarii
1059 589 1102 626 et
1125 582 1301 640 capituli
1321 583 1374 626 de
1395 583 1630 641 Inchaffray
1652 598 1781 641 super
1809 591 1926 627 carta
1945 583 2116 640 Patricij
2139 583 2313 639 Murray
2334 582 2411 624 filii

390 661 595 703 Anthonii
626 662 799 719 Murray
818 662 871 705 de
899 662 1085 719 Doloray
1107 676 1192 719 qua
1215 677 1311 706 cum
1332 676 1541 706 consensu
1562 662 1755 719 coniugis
1776 663 1923 707 vendit
1942 662 2175 706 honorabili
2198 662 2287 704 viro
2308 662 2414 705 Wil-

386 741 513 784 lelmo
542 742 715 798 Murray
744 740 831 784 filio
861 749 906 784 et
939 740 1084 784 heredi
1119 741 1341 798 apparenti
1371 742 1573 786 willelmi
1602 743 1775 801 Murray
1806 743 1860 786 de
1890 742 2151 800 Tulibardyn
2186 742 2409 785 duodecim

386 829 593 865 marcatas
608 829 814 865 terrarum
833 821 887 864 de
907 821 948 863 Ν
949 835 1012 864 ew
1033 822 1137 882 Raw
1154 828 1335 878 quatuor
1354 829 1565 865 marcatas
1585 829 1791 866 terrarum
1808 823 1861 866 de
1881 822 2053 879 Thorny
2066 821 2158 864 Hill
2171 835 2268 864 cum
2288 829 2410 878 prato

385 901 574 945 eiusdem
605 908 738 944 terras
767 900 821 943 de
841 900 1133 958 Wynmynhill
1166 906 1300 943 terras
1329 908 1498 944 vocatas
1533 901 1588 944 lie
1618 902 1750 944 Ward
1779 901 1951 944 Todhill
1983 908 2028 944 et
2059 901 2156 957 Hay
2176 914 2306 956 grene
2330 914 2412 943 vna

385 995 482 1023 cum
517 980 737 1037 privilegio
756 979 949 1023 lucrandi
971 978 1160 1022 fodiendi
1184 979 1368 1023 sedecim
1387 980 1523 1023 dietas
1553 987 1746 1037 petarum
1775 980 1820 1024 in
1841 979 2174 1024 occidentalibus
2197 979 2409 1022 merresiis

385 1063 437 1104 de
474 1061 791 1118 Inchechaffray
826 1075 876 1103 ac
905 1060 1033 1104 etiam
1064 1075 1159 1104 cum
1191 1068 1366 1117 pastura
1393 1060 1639 1104 animalium
1668 1061 1713 1104 in
1746 1061 1871 1105 dictis
1903 1061 2126 1105 merresiis.
2186 1062 2299 1104 Data
2330 1062 2409 1104 sub

385 1141 597 1185 communi
618 1140 756 1198 sigillo
775 1147 820 1184 et
840 1139 1223 1197 subscriptionibus
1242 1141 1511 1185 manualibus
1531 1142 1706 1200 capituli
1728 1144 1843 1199 apud
1863 1174 1873 1185 .
1897 1176 1906 1186 .
1929 1174 1939 1185 .
1963 1175 1972 1186 .
1993 1143 2101 1185 A.D.
2124 1143 2180 1186 15
2203 1144 2227 1182 Ψ
2251 1142 2276 1164 ⁵

307 1375 362 1419 17
385 1378 513 1421 Carta
549 1376 854 1420 feudiflrmaria
892 1378 947 1421 ab
986 1377 1136 1420 eodem
1177 1378 1534 1421 commendatario
1577 1393 1655 1436 pro
1695 1392 1861 1422 summa
1900 1378 2016 1422 mille
2055 1378 2256 1422 librarum
2295 1379 2411 1422 facta

382 1456 567 1499 Patricio
596 1457 771 1512 Murray
791 1455 879 1498 filio
907 1455 1111 1512 Anthonij
1137 1456 1311 1512 Murray
1331 1456 1385 1500 de
1414 1457 1601 1514 Dolor-ay
1623 1471 1751 1513 super
1779 1457 1904 1501 terris
1927 1457 2178 1515 subscriptis
2201 1457 2281 1501 viz.
2305 1457 2410 1501 duo-

382 1536 519 1580 decim
550 1535 746 1579 marcatis
777 1542 984 1579 terrarum
1014 1535 1067 1577 de
1099 1535 1140 1576 N
1141 1549 1204 1578 ew
1234 1536 1340 1578 Raw
1364 1543 1546 1593 quatuor
1574 1536 1771 1580 marcatis
1800 1542 2008 1580 terrarum
2030 1537 2084 1580 de
2114 1537 2286 1595 Thorny
2316 1537 2409 1579 Hill

382 1615 486 1659 alias
518 1616 706 1659 Wallace
741 1615 842 1658 land
876 1621 1119 1658 vocatarum
1155 1628 1252 1657 cum
1284 1622 1406 1671 prato
1436 1615 1625 1659 eiusdem
1655 1616 1779 1660 terris
1809 1617 1861 1660 de
1886 1617 2176 1675 Wynmynhill
2200 1633 2283 1661 vna
2312 1633 2408 1661 cum

381 1695 601 1752 privilegio
625 1693 817 1738 lucrandi
847 1693 1036 1737 fodiendi
1066 1694 1248 1737 sedecim
1281 1694 1418 1737 dietas
1447 1702 1642 1751 petarum
1671 1695 1717 1738 in
1747 1697 2080 1741 occidentalibus
2112 1683 2324 1742 marresiis
2356 1700 2409 1741 de

382 1775 699 1832 Inchechaffray
734 1774 989 1832 easdemque
1028 1780 1150 1830 petas
1183 1773 1423 1817 abducendi
1457 1781 1649 1831 tempore
1684 1775 1809 1818 solito
1844 1791 1895 1819 ac
1935 1776 2062 1820 etiam
2098 1792 2195 1821 cum
2235 1785 2411 1834 pastura

382 1855 628 1900 animalium
660 1855 704 1897 in
739 1853 864 1897 dictis
898 1851 1111 1896 marresiis
1146 1852 1381 1895 Reddendo
1414 1853 1632 1896 annuatim
1669 1855 1713 1897 in
1744 1855 1910 1911 integro
1940 1870 2018 1913 pro
2046 1856 2249 1913 predictis
2284 1858 2408 1900 terris

382 1950 587 1980 summam
617 1932 905 1978 novemdecim
934 1931 1136 1974 librarum
1166 1938 1211 1974 et
1238 1932 1460 1975 duodecim
1496 1932 1725 1976 solidorum
1760 1949 1922 1978 necnon
1959 1935 2247 1978 molendinum
2277 1943 2321 1979 et
2350 1936 2406 1979 lie

382 2015 523 2071 mylne
546 2013 633 2057 leid
657 2013 701 2055 in
724 2011 897 2054 modum
918 2010 1091 2053 solitum
1115 2009 1392 2052 sustentando
1416 2010 1707 2068 multurasque
1729 2012 1929 2056 solvendo
1947 2020 1994 2057 et
2011 2014 2267 2071 duplicando
2290 2023 2409 2059 ante-

381 2093 536 2136 dictam
556 2091 837 2134 feudifirmam
857 2089 994 2147 primo
1009 2087 1110 2132 anni
1129 2088 1327 2132 introitus
1343 2090 1551 2146 cujusque
1569 2090 1748 2134 heredis.
1809 2092 1922 2135 Data
1936 2094 2016 2136 sub
2032 2095 2246 2137 communi
2266 2095 2406 2152 sigillo

382 2161 561 2230 capituli
581 2171 695 2228 apud
725 2202 735 2212 .
767 2201 777 2211 .
809 2202 818 2212 .
851 2200 861 2211 .
893 2200 903 2210 .
934 2169 1041 2210 A.D.
1070 2169 1124 2210 15
1149 2172 1172 2195 ν
1197 2173 1220 2195 ⁴·
1245 2174 1290 2210 et
1310 2168 1583 2212 subscribunt

436 2331 676 2374 Alexander
697 2325 1087 2371 Commendatarius
1211 2326 1424 2368 Robertus
1447 2328 1529 2369 Car
1835 2329 2018 2373 Thomas
2041 2331 2259 2374 Gardener
2281 2334 2402 2375 Prior

439 2409 650 2465 Georgius
673 2409 809 2464 Spens
1214 2405 1404 2446 Andreas
1426 2405 1630 2448 Farmour
1832 2408 2070 2453 Willelmus
2090 2411 2278 2455 Men-030

436 2488 678 2531 Alexander
698 2488 870 2542 Murray
1829 2487 1996 2530 Pawlus
2017 2489 2276 2547 Cwnygham

301 2725 355 2791 18
376 2727 712 2768 instrumentum
749 2722 886 2765 sasine
928 2722 971 2763 in
1007 2722 1193 2765 favorem
1229 2723 1402 2766 Patricii
1442 2725 1616 2780 Murray
1651 2725 1793 2781 vicarij
1826 2726 1878 2768 de
1912 2726 2065 2770 Fowlis
2099 2742 2228 2785 super
2263 2729 2396 2773 tribus

374 2805 498 2848 bollis
531 2802 777 2846 victualium
812 2801 1030 2844 annuatim
1065 2801 1252 2844 levandis
1287 2803 1340 2844 de
1375 2803 1430 2846 lie
1469 2803 1732 2847 Brewlandis
1767 2805 1820 2847 de
1857 2806 2067 2863 Ardbany.
2142 2808 2298 2851 Datum
2336 2811 2391 2851 26

375 2883 495 2940 April
515 2883 622 2925 ΑΒ.
647 2883 772 2924 1560.
