<?xml version="1.0" encoding="UTF-8"?>
<!DOCTYPE html PUBLIC "-//W3C//DTD XHTML 1.0 Transitional//EN"
    "http://www.w3.org/TR/xhtml1/DTD/xhtml1-transitional.dtd">
<html xmlns="http://www.w3.org/1999/xhtml" xml:lang="en" lang="en">
 <head>
  <title>
</title>
<meta http-equiv="Content-Type" content="text/html;charset=utf-8" />
  <meta name='ocr-system' content='tesseract 3.04.00' />
  <meta name='ocr-capabilities' content='ocr_page ocr_carea ocr_par ocr_line ocrx_word'/>
</head>
<body>
  <div class='ocr_page' id='page_1' title='image "./liberinsulemissa85inchuoft_0243.png"; bbox 0 0 2756 3926; ppageno 0'>
   <div class='ocr_carea' id='block_1_1' title="bbox 1018 993 1801 1062">
    <p class='ocr_par' dir='ltr' id='par_1_1' title="bbox 1018 993 1801 1062">
     <span class='ocr_line' id='line_1_1' title="bbox 1018 993 1801 1062; baseline 0.005 -4"><span class='ocrx_word' id='word_1_1' title='bbox 1018 993 1312 1059; x_wconf 91' lang='lat' dir='ltr'><strong>INDEX</strong></span> <span class='ocrx_word' id='word_1_2' title='bbox 1370 995 1801 1062; x_wconf 87' lang='lat' dir='ltr'>LOCORUM</span> 
     </span>
    </p>
   </div>
   <div class='ocr_carea' id='block_1_2' title="bbox 834 1182 1942 1345">
    <p class='ocr_par' dir='ltr' id='par_1_2' title="bbox 834 1182 1942 1345">
     <span class='ocr_line' id='line_1_2' title="bbox 834 1182 1940 1238; baseline 0.004 -13"><span class='ocrx_word' id='word_1_3' title='bbox 834 1182 967 1226; x_wconf 87' lang='lat' dir='ltr'><strong>TAM</strong></span> <span class='ocrx_word' id='word_1_4' title='bbox 999 1182 1058 1226; x_wconf 89' lang='lat' dir='ltr'><strong>IN</strong></span> <span class='ocrx_word' id='word_1_5' title='bbox 1086 1183 1413 1229; x_wconf 87' lang='lat' dir='ltr'>REGISTRO</span> <span class='ocrx_word' id='word_1_6' title='bbox 1455 1184 1600 1230; x_wconf 91' lang='lat' dir='ltr'>IPSO</span> <span class='ocrx_word' id='word_1_7' title='bbox 1647 1185 1832 1238; x_wconf 87' lang='lat' dir='ltr'><strong>QUAM</strong></span> <span class='ocrx_word' id='word_1_8' title='bbox 1873 1186 1940 1229; x_wconf 90' lang='lat' dir='ltr'><strong>IN</strong></span> 
     </span>
     <span class='ocr_line' id='line_1_3' title="bbox 834 1297 1942 1345; baseline 0.001 -2"><span class='ocrx_word' id='word_1_9' title='bbox 834 1297 1118 1345; x_wconf 82' lang='lat' dir='ltr'><strong>CHARTIS</strong></span> <span class='ocrx_word' id='word_1_10' title='bbox 1159 1298 1567 1345; x_wconf 82' lang='lat' dir='ltr'>PREFATIONI</span> <span class='ocrx_word' id='word_1_11' title='bbox 1615 1300 1942 1345; x_wconf 87' lang='lat' dir='ltr'>ADJECTIS.</span> 
     </span>
    </p>
   </div>
   <div class='ocr_carea' id='block_1_3' title="bbox 381 1770 2096 2017">
    <p class='ocr_par' dir='ltr' id='par_1_3' title="bbox 381 1770 2096 2017">
     <span class='ocr_line' id='line_1_4' title="bbox 383 1770 1735 1824; baseline 0.002 -16"><span class='ocrx_word' id='word_1_12' title='bbox 383 1770 732 1818; x_wconf 76' lang='lat' dir='ltr'><strong>Annmnnomox,</strong></span> <span class='ocrx_word' id='word_1_13' title='bbox 751 1770 817 1810; x_wconf 88' lang='grc'><strong>38.</strong></span> <span class='ocrx_word' id='word_1_14' title='bbox 1436 1772 1651 1824; x_wconf 81' lang='lat' dir='ltr'><strong>Buehaldy,</strong></span> <span class='ocrx_word' id='word_1_15' title='bbox 1671 1773 1735 1811; x_wconf 87' lang='lat'><strong>52.</strong></span> 
     </span>
     <span class='ocr_line' id='line_1_5' title="bbox 383 1833 1777 1888; baseline 0.002 -15"><span class='ocrx_word' id='word_1_16' title='bbox 383 1834 702 1886; x_wconf 85' lang='lat' dir='ltr'><strong>Abbyrrothuen,</strong></span> <span class='ocrx_word' id='word_1_17' title='bbox 753 1833 1068 1888; x_wconf 82' lang='lat' dir='ltr'><strong>(Abbyrothuin,</strong></span> <span class='ocrx_word' id='word_1_18' title='bbox 1113 1834 1368 1888; x_wconf 78' lang='lat' dir='ltr'><strong>Abruthfen,)</strong></span> <span class='ocrx_word' id='word_1_19' title='bbox 1435 1836 1608 1888; x_wconf 86' lang='lat' dir='ltr'><strong>Buthny,</strong></span> <span class='ocrx_word' id='word_1_20' title='bbox 1626 1836 1691 1884; x_wconf 88' lang='grc'><strong>61,</strong></span> <span class='ocrx_word' id='word_1_21' title='bbox 1711 1836 1777 1876; x_wconf 92' lang='grc'><strong>65.</strong></span> 
     </span>
     <span class='ocr_line' id='line_1_6' title="bbox 486 1899 1521 1949; baseline 0.001 -11"><span class='ocrx_word' id='word_1_22' title='bbox 486 1899 648 1939; x_wconf 76' lang='lat' dir='ltr'><strong>ecelesia</strong></span> <span class='ocrx_word' id='word_1_23' title='bbox 664 1900 788 1939; x_wconf 81' lang='lat' dir='ltr'><strong>saneti</strong></span> <span class='ocrx_word' id='word_1_24' title='bbox 806 1900 970 1940; x_wconf 76' lang='lat' dir='ltr'><strong>Kattani</strong></span> <span class='ocrx_word' id='word_1_25' title='bbox 987 1901 1050 1948; x_wconf 87' lang='lat' dir='ltr'><strong>de,</strong></span> <span class='ocrx_word' id='word_1_26' title='bbox 1069 1901 1108 1948; x_wconf 87' lang='lat'><strong>4,</strong></span> <span class='ocrx_word' id='word_1_27' title='bbox 1128 1901 1167 1948; x_wconf 90' lang='grc'><strong>8,</strong></span> <span class='ocrx_word' id='word_1_28' title='bbox 1188 1901 1253 1949; x_wconf 91' lang='grc'><strong>18,</strong></span> <span class='ocrx_word' id='word_1_29' title='bbox 1271 1901 1338 1942; x_wconf 89' lang='grc'><strong>27.</strong></span> <span class='ocrx_word' id='word_1_30' title='bbox 1519 1905 1521 1908; x_wconf 68' lang='grc'><strong>“</strong></span> 
     </span>
     <span class='ocr_line' id='line_1_7' title="bbox 381 1963 2096 2017; baseline 0.002 -14"><span class='ocrx_word' id='word_1_31' title='bbox 381 1963 659 2016; x_wconf 82' lang='lat' dir='ltr'><strong>Abercairney,</strong></span> <span class='ocrx_word' id='word_1_32' title='bbox 680 1963 991 2017; x_wconf 84' lang='lat' dir='ltr'><strong>(Abercharny),</strong></span> <span class='ocrx_word' id='word_1_33' title='bbox 1010 1970 1115 2005; x_wconf 80' lang='lat' dir='ltr'><strong>terra</strong></span> <span class='ocrx_word' id='word_1_34' title='bbox 1131 1966 1194 2014; x_wconf 85' lang='lat' dir='ltr'><strong>de,</strong></span> <span class='ocrx_word' id='word_1_35' title='bbox 1212 1965 1281 2015; x_wconf 90' lang='lat'><strong>34,</strong></span> <span class='ocrx_word' id='word_1_36' title='bbox 1298 1966 1365 2014; x_wconf 88' lang='lat'><strong>35,</strong></span> <span class='ocrx_word' id='word_1_37' title='bbox 1437 1965 1702 2012; x_wconf 74' lang='lat' dir='ltr'><strong>CALLENDAR,</strong></span> <span class='ocrx_word' id='word_1_38' title='bbox 1722 1965 1883 2004; x_wconf 80' lang='lat' dir='ltr'>ecelesia</span> <span class='ocrx_word' id='word_1_39' title='bbox 1900 1966 1963 2013; x_wconf 88' lang='lat' dir='ltr'><strong>de,</strong></span> <span class='ocrx_word' id='word_1_40' title='bbox 1978 1967 2096 2006; x_wconf 85' lang='lat' dir='ltr'>xxxii.</span> 
     </span>
    </p>
   </div>
   <div class='ocr_carea' id='block_1_4' title="bbox 373 2028 2388 2662">
    <p class='ocr_par' dir='ltr' id='par_1_4' title="bbox 373 2028 2388 2662">
     <span class='ocr_line' id='line_1_8' title="bbox 489 2028 1832 2078; baseline 0 -11"><span class='ocrx_word' id='word_1_41' title='bbox 489 2028 554 2076; x_wconf 87' lang='lat'><strong>64,</strong></span> <span class='ocrx_word' id='word_1_42' title='bbox 572 2029 692 2068; x_wconf 86' lang='lat' dir='ltr'>xxvii.</span> <span class='ocrx_word' id='word_1_43' title='bbox 712 2029 779 2068; x_wconf 87' lang='lat' dir='ltr'>xli.</span> <span class='ocrx_word' id='word_1_44' title='bbox 798 2030 897 2069; x_wconf 84' lang='lat' dir='ltr'>xliii.</span> <span class='ocrx_word' id='word_1_45' title='bbox 1436 2030 1662 2078; x_wconf 82' lang='lat' dir='ltr'><strong>Cambinch,</strong></span> <span class='ocrx_word' id='word_1_46' title='bbox 1681 2029 1747 2077; x_wconf 87' lang='lat'><strong>46,</strong></span> <span class='ocrx_word' id='word_1_47' title='bbox 1767 2030 1832 2069; x_wconf 87' lang='lat'><strong>48.</strong></span> 
     </span>
     <span class='ocr_line' id='line_1_9' title="bbox 379 2092 1952 2151; baseline 0.001 -20"><span class='ocrx_word' id='word_1_48' title='bbox 379 2093 552 2141; x_wconf 82' lang='lat' dir='ltr'><strong>Abthen,</strong></span> <span class='ocrx_word' id='word_1_49' title='bbox 571 2098 678 2133; x_wconf 82' lang='lat' dir='ltr'>terra</span> <span class='ocrx_word' id='word_1_50' title='bbox 696 2094 761 2142; x_wconf 86' lang='lat' dir='ltr'><strong>de,</strong></span> <span class='ocrx_word' id='word_1_51' title='bbox 781 2093 847 2142; x_wconf 89' lang='grc'><strong>71,</strong></span> <span class='ocrx_word' id='word_1_52' title='bbox 868 2093 934 2141; x_wconf 91' lang='grc'><strong>72,</strong></span> <span class='ocrx_word' id='word_1_53' title='bbox 953 2092 1019 2140; x_wconf 95' lang='grc'><strong>75,</strong></span> <span class='ocrx_word' id='word_1_54' title='bbox 1038 2093 1103 2151; x_wconf 76' lang='lat'><strong>77.</strong></span> <span class='ocrx_word' id='word_1_55' title='bbox 1435 2095 1641 2147; x_wconf 82' lang='lat' dir='ltr'><strong>Camsyny,</strong></span> <span class='ocrx_word' id='word_1_56' title='bbox 1659 2099 1764 2134; x_wconf 74' lang='lat' dir='ltr'>terra</span> <span class='ocrx_word' id='word_1_57' title='bbox 1781 2095 1843 2142; x_wconf 86' lang='lat' dir='ltr'><strong>de,</strong></span> <span class='ocrx_word' id='word_1_58' title='bbox 1862 2094 1952 2133; x_wconf 88' lang='lat' dir='ltr'>xlix.</span> 
     </span>
     <span class='ocr_line' id='line_1_10' title="bbox 377 2157 1717 2215; baseline 0.001 -19"><span class='ocrx_word' id='word_1_59' title='bbox 377 2157 601 2209; x_wconf 78' lang='lat' dir='ltr'><strong>thbethy,</strong></span> <span class='ocrx_word' id='word_1_60' title='bbox 620 2157 686 2197; x_wconf 87' lang='grc'><strong>36.</strong></span> <span class='ocrx_word' id='word_1_61' title='bbox 982 2209 987 2215; x_wconf 39' lang='grc'><em>.</em></span> <span class='ocrx_word' id='word_1_62' title='bbox 1434 2159 1632 2211; x_wconf 82' lang='lat' dir='ltr'>Oardnuy‚</span> <span class='ocrx_word' id='word_1_63' title='bbox 1651 2159 1717 2198; x_wconf 84' lang='lat'><strong>24.</strong></span> 
     </span>
     <span class='ocr_line' id='line_1_11' title="bbox 376 2222 1901 2272; baseline 0.001 -12"><span class='ocrx_word' id='word_1_64' title='bbox 376 2222 669 2272; x_wconf 81' lang='lat' dir='ltr'><strong>Aglismochen,</strong></span> <span class='ocrx_word' id='word_1_65' title='bbox 688 2227 795 2262; x_wconf 82' lang='lat' dir='ltr'><strong>terra</strong></span> <span class='ocrx_word' id='word_1_66' title='bbox 813 2223 876 2270; x_wconf 90' lang='lat' dir='ltr'><strong>de,</strong></span> <span class='ocrx_word' id='word_1_67' title='bbox 896 2223 991 2263; x_wconf 90' lang='lat' dir='ltr'>xliii.</span> <span class='ocrx_word' id='word_1_68' title='bbox 1434 2224 1614 2271; x_wconf 85' lang='lat' dir='ltr'><strong>Oarnibo,</strong></span> <span class='ocrx_word' id='word_1_69' title='bbox 1633 2228 1737 2263; x_wconf 80' lang='lat' dir='ltr'>terra</span> <span class='ocrx_word' id='word_1_70' title='bbox 1755 2224 1817 2268; x_wconf 84' lang='lat' dir='ltr'><strong>de,</strong></span> <span class='ocrx_word' id='word_1_71' title='bbox 1835 2223 1901 2261; x_wconf 91' lang='grc'><strong>32.</strong></span> 
     </span>
     <span class='ocr_line' id='line_1_12' title="bbox 376 2286 1880 2339; baseline 0 -14"><span class='ocrx_word' id='word_1_72' title='bbox 376 2286 474 2325; x_wconf 86' lang='lat' dir='ltr'>Aldi</span> <span class='ocrx_word' id='word_1_73' title='bbox 487 2291 605 2334; x_wconf 80' lang='lat' dir='ltr'><strong>terra,</strong></span> <span class='ocrx_word' id='word_1_74' title='bbox 623 2287 727 2326; x_wconf 82' lang='lat' dir='ltr'>xxiv.</span> <span class='ocrx_word' id='word_1_75' title='bbox 746 2288 840 2327; x_wconf 90' lang='lat' dir='ltr'>xliv.</span> <span class='ocrx_word' id='word_1_76' title='bbox 860 2288 940 2327; x_wconf 86' lang='lat' dir='ltr'>xlv.</span> <span class='ocrx_word' id='word_1_77' title='bbox 1434 2288 1617 2339; x_wconf 78' lang='lat' dir='ltr'><strong>Carynes,</strong></span> <span class='ocrx_word' id='word_1_78' title='bbox 1636 2292 1740 2327; x_wconf 82' lang='lat' dir='ltr'>terra</span> <span class='ocrx_word' id='word_1_79' title='bbox 1759 2288 1820 2334; x_wconf 84' lang='lat' dir='ltr'><strong>de,</strong></span> <span class='ocrx_word' id='word_1_80' title='bbox 1840 2288 1880 2326; x_wconf 94' lang='lat' dir='ltr'><strong>li.</strong></span> 
     </span>
     <span class='ocr_line' id='line_1_13' title="bbox 375 2351 2388 2403; baseline 0.001 -14"><span class='ocrx_word' id='word_1_81' title='bbox 375 2351 579 2403; x_wconf 84' lang='lat' dir='ltr'><strong>Ardbany,</strong></span> <span class='ocrx_word' id='word_1_82' title='bbox 599 2352 636 2399; x_wconf 93' lang='grc'><strong>7,</strong></span> <span class='ocrx_word' id='word_1_83' title='bbox 658 2351 721 2399; x_wconf 85' lang='lat'><strong>14,</strong></span> <span class='ocrx_word' id='word_1_84' title='bbox 743 2352 806 2391; x_wconf 90' lang='lat'><strong>18.</strong></span> <span class='ocrx_word' id='word_1_85' title='bbox 1434 2352 1636 2399; x_wconf 78' lang='lat' dir='ltr'><strong>Cathanie,</strong></span> <span class='ocrx_word' id='word_1_86' title='bbox 1655 2357 1759 2391; x_wconf 85' lang='lat' dir='ltr'><strong>terra</strong></span> <span class='ocrx_word' id='word_1_87' title='bbox 1777 2352 1954 2403; x_wconf 86' lang='lat' dir='ltr'><strong>Larnyse</strong></span> <span class='ocrx_word' id='word_1_88' title='bbox 1972 2351 2073 2389; x_wconf 77' lang='lat' dir='ltr'><strong>infra</strong></span> <span class='ocrx_word' id='word_1_89' title='bbox 2093 2352 2328 2401; x_wconf 79' lang='lat' dir='ltr'><strong>comitatum,</strong></span> <span class='ocrx_word' id='word_1_90' title='bbox 2348 2354 2388 2393; x_wconf 83' lang='lat' dir='ltr'><strong>li.</strong></span> 
     </span>
     <span class='ocr_line' id='line_1_14' title="bbox 374 2414 2095 2468; baseline -0.001 -14"><span class='ocrx_word' id='word_1_91' title='bbox 374 2416 551 2468; x_wconf 84' lang='lat' dir='ltr'><strong>Ardeny,</strong></span> <span class='ocrx_word' id='word_1_92' title='bbox 581 2414 798 2468; x_wconf 87' lang='lat' dir='ltr'><strong>(Ardewin,</strong></span> <span class='ocrx_word' id='word_1_93' title='bbox 831 2414 1108 2466; x_wconf 64' lang='lat' dir='ltr'>Ardenguam)</span> <span class='ocrx_word' id='word_1_94' title='bbox 1135 2415 1173 2463; x_wconf 93' lang='grc'><strong>7,</strong></span> <span class='ocrx_word' id='word_1_95' title='bbox 1204 2416 1268 2464; x_wconf 85' lang='grc'><strong>14,</strong></span> <span class='ocrx_word' id='word_1_96' title='bbox 1299 2416 1363 2464; x_wconf 90' lang='lat'><strong>15,</strong></span> <span class='ocrx_word' id='word_1_97' title='bbox 1433 2417 1778 2463; x_wconf 77' lang='lat' dir='ltr'><strong>Catherlauenach,</strong></span> <span class='ocrx_word' id='word_1_98' title='bbox 1796 2416 1889 2454; x_wconf 83' lang='lat' dir='ltr'>villa</span> <span class='ocrx_word' id='word_1_99' title='bbox 1908 2416 1970 2462; x_wconf 86' lang='lat' dir='ltr'><strong>de,</strong></span> <span class='ocrx_word' id='word_1_100' title='bbox 1989 2415 2095 2454; x_wconf 84' lang='lat' dir='ltr'>xxix.</span> 
     </span>
     <span class='ocr_line' id='line_1_15' title="bbox 482 2479 2080 2529; baseline 0 -11"><span class='ocrx_word' id='word_1_101' title='bbox 482 2480 546 2528; x_wconf 87' lang='lat'><strong>18,</strong></span> <span class='ocrx_word' id='word_1_102' title='bbox 566 2481 631 2528; x_wconf 89' lang='grc'><strong>25,</strong></span> <span class='ocrx_word' id='word_1_103' title='bbox 652 2480 718 2529; x_wconf 87' lang='grc'><strong>26,</strong></span> <span class='ocrx_word' id='word_1_104' title='bbox 738 2479 804 2529; x_wconf 89' lang='grc'><strong>70,</strong></span> <span class='ocrx_word' id='word_1_105' title='bbox 824 2480 890 2522; x_wconf 89' lang='grc'><strong>71.</strong></span> <span class='ocrx_word' id='word_1_106' title='bbox 1432 2481 1615 2528; x_wconf 83' lang='lat' dir='ltr'><strong>Cathnes,</strong></span> <span class='ocrx_word' id='word_1_107' title='bbox 1634 2485 1739 2520; x_wconf 78' lang='lat' dir='ltr'>terra</span> <span class='ocrx_word' id='word_1_108' title='bbox 1758 2481 1821 2527; x_wconf 84' lang='lat' dir='ltr'><strong>de,</strong></span> <span class='ocrx_word' id='word_1_109' title='bbox 1841 2480 1911 2519; x_wconf 87' lang='lat' dir='ltr'>liii.</span> <span class='ocrx_word' id='word_1_110' title='bbox 1932 2480 1997 2517; x_wconf 89' lang='lat' dir='ltr'>liv.</span> <span class='ocrx_word' id='word_1_111' title='bbox 2015 2479 2080 2518; x_wconf 86' lang='lat' dir='ltr'>lvi.</span> 
     </span>
     <span class='ocr_line' id='line_1_16' title="bbox 373 2542 1811 2598; baseline 0.001 -15"><span class='ocrx_word' id='word_1_112' title='bbox 373 2545 611 2593; x_wconf 86' lang='lat' dir='ltr'><strong>Auchlunxi,</strong></span> <span class='ocrx_word' id='word_1_113' title='bbox 645 2543 872 2598; x_wconf 85' lang='lat' dir='ltr'><strong>(thlonxi,</strong></span> <span class='ocrx_word' id='word_1_114' title='bbox 903 2542 1231 2597; x_wconf 65' lang='lat' dir='ltr'>Anchialuxich)</span> <span class='ocrx_word' id='word_1_115' title='bbox 1259 2549 1365 2585; x_wconf 76' lang='lat' dir='ltr'>terra</span> <span class='ocrx_word' id='word_1_116' title='bbox 1431 2545 1724 2590; x_wconf 71' lang='lat' dir='ltr'><strong>Chekmamme,</strong></span> <span class='ocrx_word' id='word_1_117' title='bbox 1745 2543 1811 2586; x_wconf 88' lang='grc'><strong>79.</strong></span> 
     </span>
     <span class='ocr_line' id='line_1_17' title="bbox 478 2608 1653 2662; baseline 0.001 -15"><span class='ocrx_word' id='word_1_118' title='bbox 478 2609 541 2657; x_wconf 85' lang='lat' dir='ltr'><strong>de,</strong></span> <span class='ocrx_word' id='word_1_119' title='bbox 564 2609 628 2657; x_wconf 88' lang='lat'><strong>14,</strong></span> <span class='ocrx_word' id='word_1_120' title='bbox 650 2610 714 2658; x_wconf 90' lang='lat'><strong>15,</strong></span> <span class='ocrx_word' id='word_1_121' title='bbox 736 2609 801 2658; x_wconf 91' lang='lat'><strong>18,</strong></span> <span class='ocrx_word' id='word_1_122' title='bbox 821 2610 887 2657; x_wconf 89' lang='lat'><strong>25,</strong></span> <span class='ocrx_word' id='word_1_123' title='bbox 907 2608 974 2657; x_wconf 84' lang='lat'><strong>26,</strong></span> <span class='ocrx_word' id='word_1_124' title='bbox 995 2608 1060 2657; x_wconf 91' lang='lat'><strong>70,</strong></span> <span class='ocrx_word' id='word_1_125' title='bbox 1080 2608 1146 2650; x_wconf 92' lang='lat'><strong>71.</strong></span> <span class='ocrx_word' id='word_1_126' title='bbox 1429 2611 1570 2662; x_wconf 86' lang='lat' dir='ltr'><strong>Cluny,</strong></span> <span class='ocrx_word' id='word_1_127' title='bbox 1590 2610 1653 2649; x_wconf 94' lang='grc'><strong>12.</strong></span> 
     </span>
    </p>
   </div>
   <div class='ocr_carea' id='block_1_5' title="bbox 370 2673 2132 2790">
    <p class='ocr_par' dir='ltr' id='par_1_5' title="bbox 370 2673 2132 2790">
     <span class='ocr_line' id='line_1_18' title="bbox 538 2673 1847 2727; baseline -0.011 -3"><span class='ocrx_word' id='word_1_128' title='bbox 538 2701 540 2703; x_wconf 66' lang='grc'>’</span> <span class='ocrx_word' id='word_1_129' title='bbox 1429 2675 1584 2727; x_wconf 83' lang='lat' dir='ltr'><strong>Comyr,</strong></span> <span class='ocrx_word' id='word_1_130' title='bbox 1603 2679 1707 2714; x_wconf 84' lang='lat' dir='ltr'>terra</span> <span class='ocrx_word' id='word_1_131' title='bbox 1725 2674 1788 2720; x_wconf 88' lang='lat' dir='ltr'><strong>de,</strong></span> <span class='ocrx_word' id='word_1_132' title='bbox 1807 2673 1847 2711; x_wconf 89' lang='lat' dir='ltr'><strong>li.</strong></span> 
     </span>
     <span class='ocr_line' id='line_1_19' title="bbox 370 2735 2132 2790; baseline 0 -14"><span class='ocrx_word' id='word_1_133' title='bbox 370 2738 609 2786; x_wconf 63' lang='lat' dir='ltr'><strong>Burnum,</strong></span> <span class='ocrx_word' id='word_1_134' title='bbox 629 2737 838 2790; x_wconf 78' lang='lat' dir='ltr'><strong>(Ballfure,</strong></span> <span class='ocrx_word' id='word_1_135' title='bbox 853 2735 1043 2790; x_wconf 83' lang='lat' dir='ltr'><strong>Baleful,)</strong></span> <span class='ocrx_word' id='word_1_136' title='bbox 1063 2737 1101 2785; x_wconf 92' lang='grc'><strong>7,</strong></span> <span class='ocrx_word' id='word_1_137' title='bbox 1123 2738 1187 2786; x_wconf 90' lang='grc'><strong>14,</strong></span> <span class='ocrx_word' id='word_1_138' title='bbox 1209 2738 1260 2778; x_wconf 90' lang='grc'><strong>18</strong></span> <span class='ocrx_word' id='word_1_139' title='bbox 1273 2767 1283 2778; x_wconf 94' lang='grc'><strong>.</strong></span> <span class='ocrx_word' id='word_1_140' title='bbox 1429 2740 1584 2779; x_wconf 81' lang='lat' dir='ltr'>Cortaw</span> <span class='ocrx_word' id='word_1_141' title='bbox 1612 2769 1621 2779; x_wconf 91' lang='lat'>.</span> <span class='ocrx_word' id='word_1_142' title='bbox 1650 2768 1661 2777; x_wconf 88' lang='lat'>.</span> <span class='ocrx_word' id='word_1_143' title='bbox 1692 2768 1702 2777; x_wconf 94' lang='lat'>.</span> <span class='ocrx_word' id='word_1_144' title='bbox 1733 2767 1743 2777; x_wconf 92' lang='lat'>.</span> <span class='ocrx_word' id='word_1_145' title='bbox 1772 2737 1938 2776; x_wconf 80' lang='lat' dir='ltr'><strong>baronia</strong></span> <span class='ocrx_word' id='word_1_146' title='bbox 1955 2737 2017 2784; x_wconf 86' lang='lat' dir='ltr'><strong>de,</strong></span> <span class='ocrx_word' id='word_1_147' title='bbox 2037 2736 2132 2776; x_wconf 84' lang='lat' dir='ltr'>xliii.</span> 
     </span>
    </p>
   </div>
   <div class='ocr_carea' id='block_1_6' title="bbox 366 2801 2026 3048">
    <p class='ocr_par' dir='ltr' id='par_1_6' title="bbox 366 2801 2026 3048">
     <span class='ocr_line' id='line_1_20' title="bbox 368 2801 1885 2855; baseline -0.001 -15"><span class='ocrx_word' id='word_1_148' title='bbox 368 2802 640 2850; x_wconf 80' lang='lat' dir='ltr'><strong>Balleuolleth,</strong></span> <span class='ocrx_word' id='word_1_149' title='bbox 658 2802 724 2841; x_wconf 89' lang='lat'><strong>34.</strong></span> <span class='ocrx_word' id='word_1_150' title='bbox 1388 2853 1391 2855; x_wconf 16' lang='grc' dir='ltr'><em>Β</em></span> <span class='ocrx_word' id='word_1_151' title='bbox 1428 2805 1543 2850; x_wconf 81' lang='lat' dir='ltr'><strong>Creff,</strong></span> <span class='ocrx_word' id='word_1_152' title='bbox 1562 2804 1628 2850; x_wconf 84' lang='lat'><strong>25,</strong></span> <span class='ocrx_word' id='word_1_153' title='bbox 1647 2804 1714 2850; x_wconf 90' lang='grc'><strong>35,</strong></span> <span class='ocrx_word' id='word_1_154' title='bbox 1734 2803 1799 2849; x_wconf 90' lang='grc'><strong>55,</strong></span> <span class='ocrx_word' id='word_1_155' title='bbox 1821 2801 1885 2840; x_wconf 87' lang='lat'><strong>64.</strong></span> 
     </span>
     <span class='ocr_line' id='line_1_21' title="bbox 368 2864 1890 2919; baseline 0 -15"><span class='ocrx_word' id='word_1_156' title='bbox 368 2866 685 2918; x_wconf 72' lang='lat' dir='ltr'><strong>Balmakgillone,</strong></span> <span class='ocrx_word' id='word_1_157' title='bbox 706 2864 949 2918; x_wconf 82' lang='lat' dir='ltr'><strong>(Balgihen,)</strong></span> <span class='ocrx_word' id='word_1_158' title='bbox 971 2864 1009 2914; x_wconf 92' lang='lat'><strong>7,</strong></span> <span class='ocrx_word' id='word_1_159' title='bbox 1030 2865 1095 2912; x_wconf 83' lang='lat'><strong>18,</strong></span> <span class='ocrx_word' id='word_1_160' title='bbox 1114 2865 1180 2912; x_wconf 88' lang='grc'><strong>29,</strong></span> <span class='ocrx_word' id='word_1_161' title='bbox 1199 2866 1265 2908; x_wconf 87' lang='grc'><strong>33.</strong></span> <span class='ocrx_word' id='word_1_162' title='bbox 1428 2868 1625 2919; x_wconf 80' lang='lat' dir='ltr'><strong>Croythel,</strong></span> <span class='ocrx_word' id='word_1_163' title='bbox 1645 2872 1750 2906; x_wconf 83' lang='lat' dir='ltr'>terra</span> <span class='ocrx_word' id='word_1_164' title='bbox 1768 2866 1830 2912; x_wconf 85' lang='lat' dir='ltr'><strong>de,</strong></span> <span class='ocrx_word' id='word_1_165' title='bbox 1849 2865 1890 2904; x_wconf 86' lang='lat' dir='ltr'><strong>li.</strong></span> 
     </span>
     <span class='ocr_line' id='line_1_22' title="bbox 372 2928 1886 2982; baseline -0.001 -14"><span class='ocrx_word' id='word_1_166' title='bbox 372 2931 567 2982; x_wconf 81' lang='lat' dir='ltr'><strong>Benaglis,</strong></span> <span class='ocrx_word' id='word_1_167' title='bbox 585 2936 689 2971; x_wconf 79' lang='lat' dir='ltr'><strong>terra</strong></span> <span class='ocrx_word' id='word_1_168' title='bbox 707 2931 769 2978; x_wconf 87' lang='lat' dir='ltr'><strong>de,</strong></span> <span class='ocrx_word' id='word_1_169' title='bbox 788 2928 883 2969; x_wconf 78' lang='lat' dir='ltr'><strong>inX.</strong></span> <span class='ocrx_word' id='word_1_170' title='bbox 1429 2931 1598 2980; x_wconf 76' lang='lat' dir='ltr'><strong>canath,</strong></span> <span class='ocrx_word' id='word_1_171' title='bbox 1617 2936 1721 2970; x_wconf 81' lang='lat' dir='ltr'>terra</span> <span class='ocrx_word' id='word_1_172' title='bbox 1738 2930 1800 2977; x_wconf 86' lang='lat' dir='ltr'><strong>de,</strong></span> <span class='ocrx_word' id='word_1_173' title='bbox 1820 2929 1886 2967; x_wconf 89' lang='grc'><strong>22.</strong></span> 
     </span>
     <span class='ocr_line' id='line_1_23' title="bbox 366 2992 2026 3048; baseline -0.002 -14"><span class='ocrx_word' id='word_1_174' title='bbox 366 2995 578 3047; x_wconf 82' lang='lat' dir='ltr'>Berwyous</span> <span class='ocrx_word' id='word_1_175' title='bbox 597 3008 713 3047; x_wconf 85' lang='lat' dir='ltr'>super</span> <span class='ocrx_word' id='word_1_176' title='bbox 732 2995 930 3044; x_wconf 83' lang='lat' dir='ltr'><strong>Twedam,</strong></span> <span class='ocrx_word' id='word_1_177' title='bbox 950 2994 1015 3034; x_wconf 87' lang='lat'><strong>80.</strong></span> <span class='ocrx_word' id='word_1_178' title='bbox 1427 2996 1571 3048; x_wconf 86' lang='lat' dir='ltr'><strong>Gupro,</strong></span> <span class='ocrx_word' id='word_1_179' title='bbox 1588 2994 1862 3034; x_wconf 77' lang='lat' dir='ltr'><strong>monasterium</strong></span> <span class='ocrx_word' id='word_1_180' title='bbox 1881 2993 1942 3040; x_wconf 81' lang='lat' dir='ltr'><strong>de,</strong></span> <span class='ocrx_word' id='word_1_181' title='bbox 1960 2992 2026 3031; x_wconf 89' lang='grc'><strong>50.</strong></span> 
     </span>
    </p>
   </div>
   <div class='ocr_carea' id='block_1_7' title="bbox 367 3059 1992 3174">
    <p class='ocr_par' dir='ltr' id='par_1_7' title="bbox 367 3059 1992 3174">
     <span class='ocr_line' id='line_1_24' title="bbox 368 3059 881 3107; baseline -0.002 -10"><span class='ocrx_word' id='word_1_182' title='bbox 368 3060 582 3106; x_wconf 81' lang='lat' dir='ltr'><strong>Bordland,</strong></span> <span class='ocrx_word' id='word_1_183' title='bbox 597 3064 702 3099; x_wconf 82' lang='lat' dir='ltr'><strong>terra</strong></span> <span class='ocrx_word' id='word_1_184' title='bbox 721 3059 783 3107; x_wconf 87' lang='lat' dir='ltr'><strong>de,</strong></span> <span class='ocrx_word' id='word_1_185' title='bbox 803 3059 881 3099; x_wconf 88' lang='lat' dir='ltr'>xlv.</span> 
     </span>
     <span class='ocr_line' id='line_1_25' title="bbox 367 3118 1992 3174; baseline -0.003 -12"><span class='ocrx_word' id='word_1_186' title='bbox 367 3124 558 3174; x_wconf 77' lang='lat' dir='ltr'><strong>Brebach,</strong></span> <span class='ocrx_word' id='word_1_187' title='bbox 577 3129 682 3164; x_wconf 77' lang='lat' dir='ltr'>terra</span> <span class='ocrx_word' id='word_1_188' title='bbox 699 3124 762 3172; x_wconf 83' lang='lat' dir='ltr'><strong>de,</strong></span> <span class='ocrx_word' id='word_1_189' title='bbox 779 3123 821 3167; x_wconf 82' lang='lat' dir='ltr'><strong>li,</strong></span> <span class='ocrx_word' id='word_1_190' title='bbox 1429 3122 1705 3169; x_wconf 61' lang='lat' dir='ltr'><strong>Damnem,</strong></span> <span class='ocrx_word' id='word_1_191' title='bbox 1724 3125 1828 3160; x_wconf 75' lang='lat' dir='ltr'><strong>terra</strong></span> <span class='ocrx_word' id='word_1_192' title='bbox 1845 3120 1907 3167; x_wconf 82' lang='lat' dir='ltr'><strong>de,</strong></span> <span class='ocrx_word' id='word_1_193' title='bbox 1926 3118 1992 3157; x_wconf 84' lang='lat' dir='ltr'><strong>xlv</strong></span> 
     </span>
    </p>
   </div>
  </div>
 </body>
</html>
