2808 3926
1078 369 1181 416 DE
1221 367 1757 418 INCHAFFERY.
2363 378 2426 423 25

411 595 705 661 Ratificatio
728 611 864 677 super
889 611 1051 661 Terris
1074 611 1134 661 de
1157 611 1372 678 Dunyne
1398 640 1408 652 ·

320 798 382 843 23
408 775 671 843 Robertus
703 793 991 843 Senescallus
1027 793 1188 844 Scotie
1215 810 1374 842 comes
1403 793 1463 842 de
1498 793 1783 861 Strathery‘m
1814 794 2051 844 Omnibus
2079 796 2218 850 <naris
2245 797 2336 846 suis
2360 798 2420 846 de

405 881 592 948 Dunyn
617 883 889 948 quicunque
918 882 1094 931 fuerint
1122 899 1210 948 pro
1242 891 1455 948 tempore
1485 882 1682 931 salutem
1707 910 1719 923 ·
1745 883 1856 949 quia
1887 884 1937 932 in
1959 885 2090 934 curia
2113 886 2267 934 nostra
2289 895 2421 936 tenta

404 971 533 1037 apud
557 972 693 1021 Creff
709 982 878 1021 octauo
903 972 979 1020 die
1002 973 1167 1026 coensis
1185 971 1307 1026 maii
1330 988 1456 1019 anno
1479 971 1660 1020 domini
1683 971 1919 1026 millesimo
1942 979 2071 1022 ccc¹²¹⁰
2090 961 2420 1041 quinquagesi-

403 1077 481 1108 mo
506 1062 669 1110 ostano
693 1061 795 1109 vifis
820 1070 868 1110 et
892 1060 1092 1126 cognitis
1117 1059 1258 1109 cartis
1282 1068 1330 1108 et
1353 1059 1676 1108 monumentis
1699 1077 1797 1109 non
1822 1060 2007 1110 abolitis
2031 1080 2127 1111 non
2151 1063 2419 1112 cancellatis

403 1165 491 1196 nec
514 1148 563 1196 in
587 1148 746 1214 aliqua
773 1148 839 1196 sui
869 1157 1007 1212 parte
1029 1147 1211 1196 viciatis
1242 1146 1563 1212 religiosorum
1588 1146 1793 1195 virorum
1825 1148 2126 1199 dominorum
2157 1151 2339 1200 abbatis
2370 1162 2418 1200 et

402 1244 665 1285 conuentus
697 1236 757 1284 de
789 1234 948 1283 Insula
978 1234 1227 1287 missarum
1258 1234 1319 1283 de
1352 1251 1512 1283 annuo
1542 1234 1734 1283 redditu
1765 1234 1846 1284 suo
1875 1237 2188 1303 quadraginta
2218 1239 2419 1288 duarum

400 1341 659 1379 marcarum
699 1324 760 1374 de
794 1324 1025 1390 thanagio
1058 1325 1120 1373 de
1161 1323 1333 1371 Dunin
1374 1341 1435 1372 ex
1475 1323 1679 1389 prouida
1719 1323 2058 1374 deliberatione
2093 1327 2208 1375 boni
2243 1328 2417 1377 consilii

400 1414 543 1462 nostri
587 1414 761 1462 statum
808 1422 856 1462 et
901 1413 1223 1480 poffeffionem
1269 1411 1470 1478 predit‘iti
1515 1412 1662 1461 annui
1709 1413 1925 1462 redditus
1976 1415 2148 1464 eisdem
2192 1416 2416 1483 religiofis

399 1502 593 1551 caritate
622 1502 840 1551 dedimus
870 1512 918 1552 et
947 1503 1249 1551 conceffimus
1277 1502 1358 1550 suo
1389 1510 1623 1567 perpetuo
1653 1502 1959 1568 percipiendo
1990 1515 2132 1570 prout
2155 1506 2416 1572 antiquitus

396 1593 638 1659 percipere
670 1593 1016 1642 consueuerunt
1050 1620 1060 1630 ·
1093 1591 1226 1641 vobis
1259 1600 1307 1640 ct
1341 1589 1536 1640 cuilibet
1566 1591 1770 1640 vestrum
1798 1592 1881 1657 qui
1911 1610 1998 1658 pro
2030 1603 2243 1660 tempore
2275 1596 2416 1646 fuerit

396 1681 594 1731 firmiter
615 1681 921 1748 precipiendo
944 1681 1226 1730 mandamus
1245 1690 1478 1746 quatenus
1496 1681 1718 1730 ammodo
1735 1681 1916 1746 semper
1938 1682 1987 1730 in
2011 1683 2224 1732 futurum
2244 1685 2414 1734 eisdem

395 1770 616 1836 religiosis
639 1770 907 1837 responderi
929 1769 1112 1842 faciatis
1147 1779 1195 1819 et
1218 1768 1439 1818 deseruiri
1466 1769 1724 1818 secundum
1756 1770 2002 1835 antiquam
2025 1772 2413 1823 consuetudinem

395 1860 457 1908 ad
474 1860 701 1910 terminos
719 1860 897 1909 vsualcs
920 1869 969 1909 et
993 1869 1211 1909 tenentes
1236 1859 1351 1907 dicffi
1375 1858 1590 1925 thanagii
1609 1858 1671 1907 ad
1693 1857 1971 1909 solutionem
1998 1861 2170 1926 prefati
2194 1862 2413 1911 redditus

395 1948 544 1996 annui
573 1966 660 2014 pro
687 1949 768 1997 sua
799 1957 932 2012 parte
960 1948 1084 2013 ipsos
1109 1947 1418 2013 contingente
1443 1946 1648 1996 distri&
1672 1946 1966 2013 compellatis
1988 1949 2050 1997 fic
2073 1967 2164 2014 que
2188 1949 2413 1999 facientes

394 2037 445 2085 in
475 2037 700 2103 premissis
732 2055 792 2086 ne
819 2054 906 2103 pro
936 2036 1119 2086 defe&m
1150 2036 1302 2085 vestro
1329 2035 1505 2101 justam
1538 2036 1892 2101 queremoniam
1925 2037 2132 2103 amplius
2162 2039 2411 2088 audiamus

394 2126 478 2175 sub
525 2143 649 2191 pena
694 2144 785 2192 que
832 2125 1062 2192 competit
1110 2152 1121 2164 ·
1183 2124 1240 2172 In
1291 2124 1426 2189 cujus
1470 2123 1540 2172 rei
1586 2123 1911 2172 testimonium
1955 2125 2154 2191 figillum
2200 2128 2409 2176 nostrum

394 2214 688 2278 presentibus
726 2214 903 2280 apponi
939 2213 1139 2263 fecimus
1176 2212 1309 2279 apud
1347 2210 1568 2266 COethfen
1604 2211 1689 2276 xiij
1730 2211 1809 2260 die
1847 2214 2012 2265 <oensis
2048 2215 2246 2280 predicti
2282 2233 2409 2264 anno

396 2300 659 2367 supradi6to
687 2329 697 2339 -
784 2327 786 2329 >

401 2551 563 2618 Carta
587 2567 795 2617 Gilberti
828 2565 1013 2615 comitis
1047 2565 1107 2614 de
1140 2565 1276 2614 terris
1311 2565 1371 2614 de
1403 2565 1701 2631 Ardenguan
1733 2579 1781 2619 et
1811 2568 2091 2619 achlonxich
2128 2598 2139 2608 ·
2174 2571 2407 2622 dubinder

395 2656 681 2711 machranin
703 2655 826 2704 fasta
848 2653 1088 2703 canonicis
1115 2682 1124 2691 ·

307 2843 370 2889 24
400 2815 659 2882 Gilbertus
691 2849 850 2881 comes
874 2832 934 2881 de
968 2831 1251 2898 Stratheryn
1284 2831 1503 2880 omnibus
1531 2832 1694 2882 amicis
1726 2843 1773 2882 et
1803 2833 2075 2883 hominibus
2105 2836 2195 2885 suis
2227 2836 2403 2886 clericis

393 2928 441 2970 et
462 2919 590 2969 laicis
613 2918 807 2968 salutem
838 2919 1004 2968 Sciant
1027 2919 1263 2985 presentes
1295 2928 1342 2968 et
1369 2919 1519 2968 futuri
1545 2937 1622 2970 me
1653 2921 1842 2987 pietatis
1873 2921 2048 2971 intuitu
2071 2932 2119 2972 et
2148 2941 2236 2990 pro
2259 2924 2402 2975 salute

392 3008 549 3058 anime
576 3025 681 3057 mee
705 3018 754 3057 et
785 3006 1001 3062 matildis
1026 3007 1249 3056 comitifl'e
1273 3006 1333 3055 de
1364 3006 1651 3074 Stratheryn
1674 3010 1831 3058 vxoris
1862 3027 1966 3059 mee
1989 3020 2037 3059 et
2064 3011 2209 3076 patris
2239 3013 2331 3061 mei
2354 3023 2402 3062 et

393 3096 554 3150 matris
577 3113 682 3145 mee
706 3104 755 3144 et
777 3095 1005 3144 heredum
1030 3112 1244 3144 meorum
1269 3094 1443 3143 dedisse
1472 3104 1520 3143 et
1543 3097 1800 3145 concefliffe
1824 3106 1872 3145 et
1899 3096 1988 3145 hac
2011 3107 2138 3146 carta
2160 3116 2264 3147 mea
2287 3117 2402 3149 con-

1970 3199 2001 3231 ι)
