2808 3926
428 330 544 372 xxxii
1251 330 1612 372 APPENDIX.

432 476 624 542 Kippen
655 476 716 524 ad
742 484 1024 541 perpetuum
1050 475 1376 523 canonicatum
1403 475 1453 522 in
1479 474 1691 524 Ecclesia
1720 474 2050 523 Dunblanensi
2078 498 2094 533 J
2119 476 2244 524 salvo
2269 477 2354 525 sibi
2381 487 2427 525 et

430 562 772 612 successoribus
805 562 900 610 suis
934 561 1150 610 omnibus
1185 561 1235 608 in
1265 570 1546 626 perpetuum
1574 561 1684 626 jure
1715 561 2017 625 presentandi
2046 562 2107 610 ad
2139 563 2314 612 dictum
2349 581 2428 611 ca-

432 650 704 699 nonicatum
734 649 1103 714 quotiescunque
1126 665 1289 696 vacare
1317 647 1565 713 contigerit
1589 675 1599 685 ·
1627 647 1966 697 Ordinavimus
1990 649 2203 698 similiter
2225 660 2278 698 ut
2301 650 2428 699 idem

432 736 611 786 Comes
633 753 720 801 pro
748 753 798 784 se
830 745 878 784 et
905 734 1250 783 successoribus
1281 734 1377 782 suis
1400 734 1538 782 cedat
1561 734 1714 782 eidem
1742 734 1981 800 Episcopo
2013 744 2061 783 et
2085 737 2429 785 successoribus

432 823 527 871 suis
550 822 773 888 quicquid
789 823 914 888 juris
937 822 1104 871 habuit
1127 822 1175 869 in
1200 821 1412 870 Ecclesia
1435 822 1494 870 de
1515 821 1767 870 Callendar
1792 848 1801 858 ·
1830 821 1901 870 Ut
1919 831 2078 871 autem
2095 824 2184 872 hec
2199 824 2430 872 ordinatio

432 920 592 959 nostra
625 919 728 958 rata
760 918 808 958 et
842 909 1119 957 inconcussa
1151 918 1426 974 permaneat
1459 908 1571 957 huic
1606 908 1779 974 scripto
1825 908 1975 974 sigilla
2020 918 2180 958 nostra
2224 927 2429 958 unacum

432 997 582 1064 sigillo
616 997 725 1046 dicti
756 996 981 1062 Episcopi
1007 995 1363 1045 Dunblanensis
1399 996 1703 1062 apposuimus
1739 1014 1750 1044 ε
1786 996 1859 1044 his
1895 996 2093 1044 testibus
2122 997 2430 1046 existentibus

434 1085 483 1132 in
504 1084 703 1133 concilio
718 1084 847 1150 apud
860 1083 1011 1133 Perth
1033 1083 1179 1131 Anno
1204 1082 1371 1131 Gratie
1394 1083 1640 1132 millesimo
1664 1083 1988 1132 ducentesimo
2012 1083 2247 1133 tricesimo
2270 1086 2430 1134 octavo

431 1165 481 1220 in
504 1173 678 1222 octabis
705 1171 865 1221 Sancti
887 1171 1086 1222 ,Ioannis
1110 1170 1323 1236 Baptiste
1349 1199 1359 1209 ·
1385 1170 1559 1219 scilicet
1592 1170 1641 1219 Gr
1668 1199 1678 1208 ·
1703 1170 1941 1235 Episcopo
1967 1170 2296 1223 Aberdonensi
2330 1200 2340 1210 ·
2371 1172 2430 1220 de

433 1260 708 1310 Aberbroth
730 1269 778 1309 et
801 1260 859 1308 de
886 1259 1042 1308 Scone
1065 1268 1113 1307 et
1136 1258 1195 1307 de
1221 1257 1644 1307 Cambuskenneth
1678 1267 1725 1306 et
1755 1257 1815 1306 de
1843 1257 2110 1323 Inchaffray
2125 1258 2394 1306 Abbatibus
2412 1280 2429 1315 l

433 1348 668 1414 Magistro
684 1347 827 1396 Petro
843 1347 901 1395 de
923 1346 1133 1411 Ramsay
1153 1366 1169 1402 l
1189 1345 1423 1411 Magistro
1440 1344 1498 1393 M
1515 1373 1525 1383 -
1541 1343 1890 1394 Archidiacono
1908 1344 2192 1409 Glasguensi
2209 1368 2225 1404 Ι
2243 1346 2430 1412 Magis-

442 1445 516 1484 tro
531 1435 596 1482 W
619 1463 629 1473 ·
654 1435 854 1483 Decano
873 1432 1158 1499 Glasguensi
1177 1454 1193 1489 l
1214 1440 1261 1480 et
1282 1431 1443 1480 multis
1466 1430 1582 1480 aliis.

436 1679 674 1746 Malisius
714 1713 870 1745 comes
915 1695 976 1744 dc
1025 1694 1274 1744 Strathern
1316 1694 1398 1743 dat
1439 1693 1657 1743 Gilberto
1692 1694 1751 1742 de
1787 1693 1914 1742 Haia
1945 1692 2083 1742 militi
2119 1693 2401 1761 Hachlasky
2417 1722 2428 1733 ·

439 1787 494 1834 E
515 1785 800 1849 transcripto
821 1785 876 1832 in
899 1784 1106 1832 archivis
1136 1783 1332 1832 Comitis
1355 1783 1412 1831 de
1436 1783 1602 1831 Errol.

345 1963 406 2008 12
445 1942 702 2008 Omnibus
740 1958 919 2008 Christi
958 1958 1171 2008 fidelibus
1207 1952 1401 2024 presens
1440 1957 1668 2023 scriptum
1706 1957 1873 2006 visuris
1913 1955 2141 2011 malesius
2177 1974 2335 2006 comes
2374 1957 2434 2005 de

444 2046 691 2095 Strathern
717 2046 928 2096 Salutem
952 2073 964 2085 ·
989 2046 1231 2095 Noueritis
1249 2046 1456 2095 universi
1471 2063 1548 2093 me
1566 2045 1750 2094 dedisse
1765 2045 2046 2094 concessisse
2061 2053 2109 2093 et
2121 2044 2212 2094 hac
2228 2044 2437 2111 presenti

444 2143 571 2183 carta
591 2152 696 2182 mea
718 2135 1015 2183 confirmasse
1033 2133 1245 2183 Domino
1262 2133 1477 2183 Gilberto
1502 2133 1560 2182 de
1585 2133 1712 2181 Haia
1734 2132 1871 2180 militi
1894 2142 1942 2181 et
1958 2132 2210 2182 heredibus
2241 2132 2336 2181 suis
2363 2131 2437 2181 vel

443 2222 539 2271 suis
561 2223 807 2289 assignatis
825 2244 842 2280 l
866 2223 933 2271 ita
954 2231 1114 2271 tamen
1136 2232 1191 2271 ut
1214 2222 1395 2270 nullum
1418 2221 1557 2270 faciat
1575 2220 1862 2287 assignatum
1886 2220 1977 2269 nisi
2000 2220 2059 2269 de
2083 2221 2178 2268 suis
2200 2220 2356 2269 liberis
2380 2237 2438 2269 ex

446 2311 547 2376 ipso
564 2311 737 2377 genitis
753 2333 769 2369 l
787 2329 872 2377 pro
888 2311 1108 2378 homagio
1123 2321 1170 2360 et
1184 2312 1471 2387 servitioxsuo
1486 2321 1634 2360 totam
1652 2320 1823 2360 terram
1843 2329 1934 2376 que
1951 2322 2146 2360 vocatur
2167 2311 2440 2376 Hachlasky

449 2417 557 2448 cum
591 2399 813 2447 omnibus
844 2399 940 2447 suis
967 2398 1109 2464 justis
1139 2399 1437 2464 pertinentijs
1470 2408 1518 2447 et
1548 2399 1683 2447 rec‘tis
1711 2398 1870 2446 divisis
1900 2398 1962 2446 ad
1989 2398 2243 2464 predictam
2267 2407 2442 2447 terram

449 2486 792 2550 pertinentibus
826 2486 1107 2535 Tenendam
1141 2495 1189 2534 et
1225 2485 1491 2534 habendam
1529 2486 1588 2534 de
1623 2503 1701 2533 me
1738 2494 1787 2534 et
1826 2485 2078 2534 heredibus
2115 2485 2232 2533 meis
2269 2485 2358 2534 sibi
2395 2494 2444 2533 et

451 2573 700 2622 heredibus
730 2573 825 2620 suis
855 2572 929 2621 vel
960 2573 1056 2621 suis
1084 2572 1331 2638 assignatis
1366 2573 1484 2621 adeo
1510 2572 1657 2621 libere
1689 2573 1847 2638 quiete
1874 2571 2082 2638 plenarie
2110 2581 2158 2620 et
2188 2572 2446 2621 honorifice

454 2661 574 2709 sicut
596 2660 753 2724 aliqua
775 2669 899 2709 terra
921 2660 971 2707 in
993 2677 1139 2726 regno
1159 2659 1322 2709 Scocie
1344 2659 1535 2708 liberius
1559 2659 1768 2726 quiecius
1786 2659 1970 2726 plenius
1989 2668 2036 2708 et
2061 2659 2450 2708 honorificentius

455 2749 514 2798 de
532 2748 686 2813 aliquo
705 2748 874 2797 comite
890 2746 964 2797 vel
980 2748 1155 2797 barone
1173 2756 1362 2796 tenetur
1379 2756 1426 2796 et
1443 2747 1708 2813 possidetur
1726 2747 1775 2795 in
1791 2748 1934 2796 bosco
1959 2755 2006 2795 et
2028 2746 2169 2812 plano
2193 2747 2242 2794 in
2265 2747 2450 2813 pascuis

456 2846 504 2886 et
526 2835 730 2902 pasturis
752 2826 802 2883 in
824 2835 966 2884 moris
990 2844 1038 2884 et
1059 2835 1270 2901 maresijs
1293 2835 1340 2882 in
1365 2835 1498 2900 aquis
1521 2843 1569 2883 et
1591 2834 1801 2900 piscarijs
1824 2834 1874 2882 in
1899 2834 2077 2899 stagnis
2102 2843 2149 2883 et
2170 2833 2451 2884 molendinis

458 2924 508 2972 in
523 2923 631 2973 feris
654 2932 702 2972 et
724 2923 886 2972 avibus
909 2923 958 2971 in
981 2922 1220 2972 montibus
1242 2931 1290 2971 et
1314 2921 1507 2972 collibus
1530 2922 1581 2970 in
1606 2921 1800 2971 vallibus
1824 2931 1871 2971 et
1889 2921 2086 2987 rupibus
2105 2921 2219 2971 etin
2237 2923 2454 2973 omnibus

460 3011 562 3078 alijs
591 3010 875 3060 aisiamentis
905 3010 967 3060 ad
992 3010 1251 3076 predictam
1272 3019 1445 3060 terram
1462 3011 1592 3076 juste
1618 3010 1985 3075 pertinentibus.
2055 3009 2323 3059 Reddendo
2346 3009 2458 3059 inde
