2756 3926
1107 401 1322 444 INDEX
1358 399 1701 446 LOCORUM.

384 533 583 586 Lanyrky,
602 538 707 573 terra
724 534 787 578 de,
809 533 875 572 52.

385 599 572 650 Lamyse,
591 603 695 638 terra
713 598 815 636 infra
832 598 1058 637 comitatum
1077 597 1283 644 Kathanie,
1302 598 1342 636 li.

385 663 628 709 Lethenden,
647 668 752 702 terra
770 663 832 710 de,
851 675 940 701 xxv.

385 727 577 777 Lillidqw,
599 726 637 766 6.

383 853 651 899 Maniam,
675 851 752 904 (vel
767 852 974 906 Abbacia,)
997 853 1034 900 6,
1051 855 1114 901 15,
1134 854 1200 902 25,
1216 853 1281 901 26,
1302 853 1366 900 70,

490 915 555 963 71,
573 917 638 963 73,
655 917 721 956 74.

509 980 670 1019 ecclesia
693 980 830 1020 Sancti
856 982 1063 1021 Ethirnani
1090 983 1152 1029 de,
1173 983 1210 1029 4,
1238 982 1276 1030 8,
1301 982 1367 1029 18,

491 1044 555 1092 67,
577 1044 643 1092 68,
664 1044 729 1092 69,
747 1044 811 1093 70,
833 1047 897 1093 72,
919 1048 982 1094 75,
1003 1046 1068 1094 76,
1089 1045 1154 1092 77,
1175 1047 1198 1087 7
1203 1047 1242 1086 8·

507 1110 669 1149 Abthen
687 1111 750 1158 de,
774 1109 838 1159 72,
859 1111 924 1159 75,
946 1111 1010 1159 76,
1031 1111 1096 1160 77,
1117 1110 1182 1153 78.

381 1175 593 1226 Melginch,
609 1175 674 1213 44.

382 1239 574 1287 Methfen,
595 1239 804 1292 (Megfen),
825 1240 889 1288 15,
909 1241 975 1288 25,
994 1255 1112 1281 xxxv.

381 1305 586 1355 Moneyth,
601 1309 706 1343 terra
724 1305 787 1352 de,
806 1305 858 1344 xl.
878 1305 973 1344 xliii.

386 1369 552 1420 Mothyl,
572 1369 703 1407 xxxix.

382 1434 641 1485 Moydeuard,
690 1433 984 1486 (Moyheuard,)
1031 1433 1192 1473 ecelesia
1232 1434 1368 1475 Sancti

490 1498 652 1537 Servani
674 1498 738 1546 de,
761 1498 801 1546 8,
823 1499 887 1544 18,
906 1499 1002 1538 xliii.

381 1562 592 1609 Mukrand,
615 1561 873 1616 (Mukracht‚)
893 1568 998 1603 terra
1015 1563 1076 1610 de,
1094 1563 1160 1611 52,
1181 1564 1248 1603 53.

380 1692 421 1731 N
422 1702 596 1738 Eroxsx,
611 1691 658 1729 31
667 1717 678 1729 .

507 1756 669 1796 ecclesia
686 1755 748 1803 de,
767 1755 834 1794 31.

380 1821 632 1872 Nethirgask,
653 1819 718 1859 63.

378 1886 601 1936 Norwegie,
619 1897 799 1936 regnum,
819 1883 882 1922 liv.

381 2015 712 2060 Ocnmnxnnon,
732 2012 797 2060 11,
818 2013 884 2060 12,
903 2013 968 2061 37,
988 2013 1122 2051 xxxiii.

506 2079 667 2118 ecclesia
693 2078 756 2126 de,
776 2078 814 2126 4,
836 2077 874 2125 8,
895 2077 961 2125 18,
982 2076 1046 2118 70.

380 2143 576 2195 Ogyluilc,
596 2148 702 2182 terra,
719 2143 782 2190 de,
801 2142 899 2181 xliii.
928 2152 930 2154 ·

380 2206 558 2253 Orcadie,
574 2210 690 2252 terra,
708 2205 777 2243 liii.
795 2205 859 2243 liv.
877 2205 928 2243 lv.
948 2203 1010 2241 lvi.

381 2270 670 2317 Ouetirmakan,
685 2269 777 2308 villa
795 2269 858 2316 dc,
875 2269 939 2308 13.

379 2400 589 2445 PEFFRYN,
608 2398 873 2437 molendinum
891 2411 1017 2449 super,
1037 2397 1102 2437 29.

379 2463 512 2510 Perth,
531 2463 597 2510 36,
616 2463 682 2510 38,
701 2463 768 2510 39,
794 2462 862 2510 40,
883 2463 949 2510 41,
978 2462 1044 2510 49,
1064 2462 1130 2510 50,
1160 2462 1225 2510 55,
1244 2463 1363 2502 xxxii.

484 2528 574 2566 xliv.
592 2528 699 2566 xlvii.
720 2528 815 2567 xlix.
834 2527 890 2567 lii.

504 2593 649 2644 capella
666 2592 798 2643 pontis
817 2591 878 2639 de,
899 2592 964 2631 50.

503 2657 662 2696 ecclesia
681 2657 910 2708 paroehialis
929 2656 992 2704 de,
1012 2657 1134 2696 xlviii.

498 2722 794 2774 Schyrresdome
812 2721 863 2768 of,
883 2721 948 2760 lvi.

377 2787 602 2834 Pethmane,
623 2786 688 2826 61.

378 2851 561 2898 Pethuer,
579 2856 684 2890 terra.
701 2850 763 2898 de,
782 2849 941 2889 xxxviii.
959 2849 1051 2889 xliv.
1071 2850 1147 2888 xlv.

378 2915 595 2962 Peticarne,
616 2913 830 2968 (Petcarn,)
853 2913 917 2961 16,
938 2912 1002 2961 17,
1021 2914 1088 2953 30.

377 2979 563 3026 Pethach,
583 2978 647 3018 62.

377 3043 586 3095 Petlandy,
608 3042 844 3082 territorium
869 3042 932 3090 de,
952 3042 1017 3091 22,
1037 3041 1103 3090 32,
1122 3042 1188 3090 43,
1208 3042 1273 3089 52,
1293 3042 1357 3089 54,

486 3106 550 3155 60,
571 3106 636 3155 61,
656 3106 721 3146 65.

2332 409 2415 452 165

1438 533 1697 584 Pettynefine,
1717 536 1784 575 31.

1437 596 1622 644 Pitcairn,
1641 599 1753 638 lands
1771 599 1848 638 and
1867 599 1949 639 mill
1967 599 2018 648 of,
2037 601 2167 640 xxxiv.

1435 723 1567 771 Rau,
1586 724 1651 764 59.

1559 793 1663 828 terra
1680 790 1742 837 de,
1762 791 1896 831 xxviii.

1433 852 1736 905 Rosmadirdyn,
1755 866 1891 893 nemus
1909 855 1971 901 de,
1989 853 2056 894 36.

1434 915 1572 968 Rossy,
1590 921 1858 957 tenementum
1876 919 1939 966 de,
1960 918 2025 957 62.

1434 980 1668 1029 Ruchalach,
1689 981 1988 1034 (Runehalaeh,)
2007 982 2099 1022 villa.
2115 983 2177 1030 de,
2199 984 2235 1032 7,
2257 986 2319 1025 18.

1435 1109 1586 1149 8ΔΝο1Ὶ
1607 1109 1777 1149 Oolmaci
1795 1111 1932 1160 insula,
1951 1113 2026 1152 xlv.

1435 1173 1571 1213 Sancti
1587 1174 1725 1225 Magni
1742 1175 1928 1227 Martyris
1947 1179 2120 1227 ecclesia,
2139 1179 2205 1218 liii.

1435 1237 1574 1285 Scona,
1595 1238 1658 1286 19,
1678 1239 1744 1287 45,
1763 1240 1871 1279 xxix.

1434 1301 1579 1350 Scotia,
1600 1301 1782 1355 (regnum
1801 1303 1962 1358 Scotie‚)
1979 1306 2015 1354 7,
2030 1306 2093 1355 16,
2111 1308 2174 1355 17,
2190 1308 2254 1355 21,
2270 1308 2335 1354 24,
2352 1308 2416 1354 26,

1542 1367 1609 1414 33,
1625 1366 1691 1414 63,
1708 1366 1774 1415 67,
1790 1367 1855 1416 68,
1872 1368 1936 1417 79,
1952 1370 2017 1409 80.

1435 1429 1644 1470 Sicheleris
1662 1432 1743 1479 flat,
1763 1432 1829 1471 22.

1435 1493 1585 1546 Spyny,
1605 1495 1696 1534 xlvi.

1434 1558 1652 1607 Strafketh,
1674 1558 1910 1613 (Strogeth,)
1930 1561 2089 1601 ecclesia
2107 1562 2241 1603 Sancti
2259 1563 2416 1602 Patrieii

1540 1623 1603 1672 de,
1623 1623 1660 1670 4,
1682 1624 1720 1672 8,
1741 1624 1805 1672 18,
1827 1624 1892 1664 19.

1434 1687 1691 1736 Strathfulan,
1711 1689 1875 1728 ecclesia
1892 1689 1955 1736 de,
1975 1688 2040 1730 79.

1434 1752 1684 1803 Stmthglass,
1705 1758 1810 1792 terra
1827 1754 1890 1801 de,
1909 1754 1947 1791 li.

1434 1816 1704 1869 Strathnavyr,
1722 1822 1828 1857 terra
1846 1818 1908 1865 de,
1927 1817 1966 1855 li.

1433 1879 1610 1933 samby,
1629 1882 1695 1930 55,
1716 1881 1783 1921 56.

1433 1945 1639 1998 Strathyn,
1659 1945 1726 1985 62.

1433 2010 1676 2063 Streuyllyn,
1696 2011 1761 2058 13,
1781 2010 1846 2057 14,
1866 2010 1932 2057 20,
1953 2009 1976 2050 7
1980 2009 2018 2057 0,
2038 2008 2103 2055 71,
2122 2022 2214 2048 xxv.

1434 2075 1687 2123 Sutherland,
1706 2080 1811 2115 terra
1828 2075 1894 2120 de,
1907 2074 1976 2113 liii.

1433 2140 1722 2188 Sutherlandie,
1748 2145 1853 2179 terra
1874 2139 2033 2190 Gactyis
2057 2138 2157 2176 infra
2179 2139 2415 2185 comitatum,

1540 2205 1581 2244 li.

1433 2334 1647 2380 Tomucn,
1668 2331 1867 2386 (Tulach,)
1886 2332 1951 2379 52,
1971 2331 2036 2370 53.

1433 2397 1756 2444 Tulichbardene,
1776 2397 1841 2442 43,
1860 2397 1963 2435 xxix.
1981 2408 2097 2434 xxxv.
2117 2395 2245 2433 xxxvi.
2263 2395 2412 2433 xxxvii.

1538 2462 1699 2500 xxxviii.
1720 2462 1773 2502 xl.
1792 2461 1859 2500 xli.
1878 2462 1953 2499 xlv.

1433 2527 1670 2579 Tullyallan,
1690 2526 1804 2565 lands
1822 2526 1873 2573 of,
1892 2525 1946 2564 lii.

1434 2591 1687 2643 Tybermore,
1707 2590 1772 2631 77.

1432 2721 1541 2768 Um,
1562 2726 1667 2760 terra
1683 2720 1747 2767 de,
1765 2732 1855 2758 xxv.

1427 2850 1563 2896 Wrsr,
1582 2849 1731 2900 capella
1749 2849 1812 2896 de,
1828 2848 1894 2886 51.

1427 2979 1562 3026 YARD,
1581 2978 1647 3017 51.

1428 3106 1694 3153 ΖιςτωΝΜΑ,
1702 3108 1809 3144 terra
1822 3103 1884 3151 de,
1903 3102 1969 3141 liii.
