2808 3926
1260 353 1615 396 APPENDIX.
2341 354 2437 397 xxix

432 569 724 637 Alexander
749 587 817 638 ΙΙ.
841 587 950 638 Rex
974 588 1226 638 Scotorum
1250 589 1500 638 confirmat
1519 587 1737 655 Conghal
1760 587 1856 637 filio
1879 587 2130 638 Donecani
2152 587 2237 636 filii
2260 586 2438 636 Malisii

432 696 448 731 s
474 674 859 726 Tulichbardene
882 698 900 734 J
925 694 1068 742 quam
1099 676 1341 727 Robertus
1365 694 1522 727 comes
1545 677 1605 726 de
1631 675 1924 727 Stradherne
1949 676 2148 726 dederat
2176 704 2187 716 ·
2221 676 2362 741 Orig.
2387 678 2439 724 in

432 762 638 812 archivis
660 763 893 840 Ducam-5
915 765 973 813 de
998 765 1159 815 Athol.

336 943 397 989 10
432 920 595 990 Alex⁴
626 941 723 991 Dei
756 941 861 992 Gra
887 941 997 991 Rex
1030 941 1186 991 Scott·
1209 940 1448 990 Omnibus
1478 940 1639 1007 probis
1666 940 1938 990 hominibus
1968 941 2140 991 Totius
2169 940 2320 991 Terre
2351 959 2435 991 sue

433 1028 588 1077 Salfm
609 1058 619 1068 -
638 1028 802 1079 Sciant
819 1038 1062 1095 presentes
1077 1046 1108 1095 7
1125 1028 1276 1078 futuri
1293 1045 1380 1078 nos
1397 1028 1656 1078 conceflifl'e
1669 1046 1699 1094 7
1715 1027 1805 1078 hac
1823 1039 1952 1078 carta
1974 1038 2135 1078 nostra
2148 1030 2435 1079 confirmasse

429 1117 722 1167 donaconem
745 1117 875 1167 illam
893 1135 1036 1184 quam
1053 1117 1166 1166 Rob
1186 1132 1343 1166 comes
1361 1116 1421 1165 de
1442 1115 1708 1165 Stradherfi
1723 1116 1836 1165 fecit
1854 1116 2073 1183 Conghal
2090 1116 2186 1167 filio
2200 1117 2434 1167 Donecafi

429 1203 515 1252 filii
539 1205 646 1254 Mat
671 1245 682 1255 .
705 1223 741 1272 p
776 1205 996 1272 homagio
1029 1222 1061 1270 7
1095 1204 1281 1254 seruico
1316 1221 1403 1253 suo
1437 1232 1448 1242 ·
1479 1204 1539 1253 de
1563 1202 1673 1253 villa
1706 1203 1785 1253 illa
1819 1204 1879 1253 de
1903 1204 2322 1255 Gatherlauenacfi
2343 1223 2434 1271 que

427 1291 602 1341 dicitur
625 1291 1005 1342 Tulichbardene
1041 1319 1053 1332 ·
1087 1291 1292 1342 Tenend
1322 1310 1353 1358 7
1383 1291 1576 1340 habend
1607 1291 1761 1341 eidem
1787 1291 2006 1359 Conghal
2027 1310 2057 1359 7
2087 1292 2308 1359 heredibq,
2337 1294 2433 1343 suis

426 1397 543 1444 quos
566 1380 626 1429 de
651 1380 762 1430 Ada
783 1380 882 1429 filia
907 1379 1094 1430 Radulf
1121 1397 1295 1445 sponsa
1324 1397 1410 1428 sua
1438 1379 1600 1429 huerit
1626 1407 1638 1419 ·
1665 1380 1724 1429 de
1755 1368 1915 1447 &dieto
1945 1408 1957 1421 ·
1990 1381 2039 1430 R
2076 1409 2086 1420 ·
2116 1382 2220 1430 cof'n
2243 1399 2274 1447 7
2296 1381 2433 1431 here-

426 1467 565 1517 dibus
597 1469 693 1518 suis
723 1469 774 1517 in
799 1469 938 1519 feodo
975 1487 1004 1535 7
1041 1469 1303 1518 hereditate
1332 1486 1366 1536 p
1397 1469 1547 1517 rectas
1575 1468 1751 1517 diuisas
1782 1486 1890 1518 suas
1917 1486 1948 1534 7
1975 1487 2083 1518 cum
2116 1469 2269 1535 offiib3
2298 1470 2433 1520 iustis

424 1557 672 1620 ptinentiis
697 1558 793 1606 suis
814 1586 824 1596 ·
842 1558 919 1606 Ita
940 1557 1086 1606 libere
1109 1557 1268 1623 quiete
1286 1585 1296 1596 ·
1315 1556 1525 1622 plenarie
1548 1574 1578 1624 7
1601 1557 1861 1607 honorifice
1886 1583 1898 1596 ·
1923 1557 2046 1607 sicut
2068 1566 2200 1607 carta.
2222 1557 2299 1607 dei
2314 1586 2325 1597 ·
2347 1558 2393 1606 R
2419 1587 2430 1597 ·

425 1649 529 1697 coffi
552 1646 663 1695 inde
685 1633 808 1712 {3ch
828 1645 1047 1713 Conghal
1063 1645 1248 1712 plenius
1267 1646 1437 1695 confca
1454 1645 1603 1695 -iuste
1626 1655 1827 1695 testatur
1846 1674 1857 1684 ·
1877 1645 2007 1695 saluo
2021 1645 2219 1696 seruicio
2238 1656 2398 1696 nostro
2417 1673 2429 1686 ·

426 1735 545 1784 Test
562 1764 572 1773 ·
590 1734 653 1782 W
675 1741 790 1800 ·epo
811 1733 1055 1800 Glasguefi
1073 1763 1084 1773 ·
1101 1733 1334 1784 cancella?
1350 1762 1361 1773 ·
1378 1734 1427 1782 A
1446 1761 1457 1773 ·
1474 1734 1596 1783 abbe
1619 1734 1679 1783 de
1701 1733 1875 1783 melro‘s'
1902 1762 1913 1773 ·
1930 1734 1979 1782 A
1995 1761 2007 1773 ·
2032 1735 2153 1784 abbe
2177 1734 2237 1784 de
2254 1733 2392 1801 Cup?
2411 1760 2424 1774 ·

425 1823 475 1871 H
494 1852 504 1862 ·
529 1824 650 1872 abbe
674 1822 733 1871 de
764 1829 844 1871 sca
866 1840 1004 1872 cruce
1029 1851 1041 1862 ·
1067 1823 1119 1871 H
1146 1851 1157 1862 ·
1182 1823 1242 1872 de
1266 1822 1445 1872 Striuel
1474 1823 1532 1871 fit
1558 1824 1664 1872 coffi
1688 1822 1851 1871 Dauid
1883 1849 1895 1862 ·
1921 1822 2042 1872 WiH
2065 1823 2125 1872 de
2157 1822 2390 1890 Breyhyn
2416 1863 2426 1872 .

424 1911 602 1977 Eymef
637 1911 697 1959 de
732 1909 1023 1960 Maccuswel
1063 1939 1074 1950 ·
1112 1911 1160 1958 R
1196 1938 1208 1950 ·
1245 1911 1299 1960 fit
1334 1910 1463 1978 Glay
1487 1910 1616 1976 apud
1639 1910 1787 1960 schofi
1809 1899 1908 1960 Pcio
1933 1910 2009 1961 die
2032 1910 2216 1978 Aprilis
2242 1938 2252 1948 ·
2279 1911 2425 1961 Anno

422 1999 555 2065 regni
579 1998 759 2047 domini
784 1998 932 2064 Regis
954 1998 1174 2048 vicesimo
1193 2027 1203 2038 ·

425 2245 694 2312 Ordinatio
711 2262 929 2328 judicum
951 2279 980 2310 a
1004 2260 1136 2327 Papa
1158 2261 1480 2328 delegatorum
1503 2262 1626 2311 inter
1642 2261 1936 2328 Episcopum
1959 2261 2351 2312 Dunblanensem
2375 2275 2422 2315 et

421 2351 658 2400 Comitem
694 2350 754 2399 de
789 2349 1013 2399 Menteth
1051 2378 1062 2388 ·
1086 2349 1220 2398 A.D.
1250 2351 1625 2400 lma—Extat
1656 2350 1710 2398 in
1744 2358 1771 2379 ‘⁶
1793 2349 1945 2399 Notes
1978 2367 2041 2400 on
2071 2351 2150 2400 the
2177 2351 2350 2417 Prior-y
2372 2356 2436 2418 qs

419 2439 808 2487 Inchmalzome.”
846 2439 1002 2487 Edin.
1031 2441 1175 2487 1815.
1214 2438 1342 2504 App.
1370 2438 1409 2487 Ι.
1460 2438 1636 2487 Collato
1651 2455 1760 2487 vero
1785 2438 2006 2501 Reyistro
2024 2446 2115 2488 vet.
2140 2439 2417 2489 Aberbrotlz.

404 2528 497 2590 fol.
522 2526 631 2576 xvii.
656 2527 739 2575 ubi
758 2527 935 2591 scripta
958 2532 1027 2575 est
1048 2526 1173 2574 bulla
1204 2526 1428 2589 Greyorii
1448 2526 1587 2589 lonye
1609 2527 1912 2575 emendatior.

321 2711 378 2756 11
422 2684 682 2753 Universis
707 2702 887 2752 Christi
909 2701 1126 2752 fidelibus
1149 2702 1238 2751 hoc
1270 2703 1498 2769 scriptum
1520 2703 1686 2752 visuris
1718 2703 1792 2753 vel
1823 2703 2052 2753 audituris
2078 2702 2340 2751 Willelmus
2368 2713 2415 2752 et

415 2790 658 2840 Galfn'dus
693 2790 792 2841 Dei
825 2791 978 2858 gratia
1015 2791 1323 2858 Glasguensis
1360 2802 1407 2841 et
1446 2792 1805 2842 Dunkeldensis
1845 2792 2071 2859 Episcopi
2117 2802 2328 2841 eternam
2364 2793 2413 2840 in

412 2879 624 2928 Domino
669 2879 868 2929 salutem
904 2907 916 2920 ·
954 2881 1229 2930 mandatum
1264 2880 1466 2930 Domini
1510 2881 1641 2946 Pape
1687 2881 1737 2929 in
1772 2880 1860 2930 hec
1895 2881 2038 2930 verba
2075 2880 2365 2946 suscepimus
2397 2908 2410 2920 ·

415 2967 672 3034 Gregorius
698 2968 962 3035 Episcopus
977 2986 1136 3018 servus
1155 2987 1394 3019 servorum
1407 2969 1504 3019 Dei
1527 2969 1867 3019 venerabilibus
1890 2969 2112 3018 fratribus
2129 2968 2411 3034 Glasguensi

412 3066 460 3105 et
486 3055 819 3107 Dunkeldensi
842 3057 1091 3124 Episcopis
1114 3057 1313 3108 salutem
1337 3069 1385 3108 et
1408 3058 1730 3124 Apostolicam
1754 3058 2124 3107 benedictionem
2162 3085 2171 3095 ·
2196 3056 2410 3105 Venera-
