2756 3926
1118 371 1221 418 DE
1265 370 1800 421 INCHAFFERY.
2330 379 2395 426 69

387 595 711 663 Confirmatio
739 614 963 680 Hugonis
986 614 1192 681 episcopi
1215 616 1353 682 super
1376 614 1563 665 ecclefia
1586 616 1645 665 de
1669 616 1993 684 coaddirdyne
2020 646 2030 656 ·

293 795 351 846 71
383 772 548 858 Hugo
561 791 564 797 ’
577 792 652 841 dei
680 792 832 858 gratia
861 791 1213 841 Dunkeldenfis
1232 792 1475 859 episcopus
1494 793 1712 841 omnibus
1735 793 1886 842 sancte
1900 793 2061 848 matris
2080 794 2265 845 ecclefie
2282 796 2391 863 filijs

379 890 591 928 eternam
629 880 677 928 in
715 880 908 928 domino
945 879 1142 929 salutem
1186 908 1195 919 ·
1242 879 1451 929 Nouerit
1488 880 1763 930 vniuerfitas
1801 882 1952 930 vestra
1997 900 2084 931 nos
2129 885 2387 933 conceffifl‘e

378 978 425 1016 et
459 967 547 1016 hac
577 978 707 1016 carta
738 968 893 1016 nostra
921 967 1211 1016 confirmafl‘e
1245 967 1423 1016 dilectis
1457 967 1507 1015 in
1543 967 1729 1017 Christo
1762 968 1873 1035 filijs
1908 969 2100 1019 domino
2134 972 2294 1021 abbati
2328 973 2388 1021 de

379 1055 647 1121 Inchaffray
684 1064 732 1104 et
755 1055 994 1103 canonicis
1029 1054 1208 1103 ibidem
1232 1054 1343 1104 Deo
1376 1055 1685 1104 seruientibus
1716 1065 1765 1104 et
1798 1056 2036 1106 seruitutis
2067 1050 2303 1107 ecclesiam
2327 1059 2388 1109 de

376 1143 716 1210 maddyrdyne
740 1161 850 1192 cum
865 1143 1085 1192 omnibus
1099 1142 1236 1207 justis
1251 1143 1554 1209 pertinentijs
1571 1143 1663 1192 suis
1678 1143 1745 1192 ita
1765 1143 1911 1193 libere
1929 1154 1976 1194 et
1999 1146 2156 1211 quiete
2178 1146 2386 1213 plenarie

376 1240 424 1279 et
446 1230 702 1279 honorifice
725 1231 842 1279 ficut
865 1239 995 1278 carta
1018 1229 1288 1278 donationis
1311 1248 1453 1295 quam
1478 1231 1610 1280 dedit
1633 1231 1805 1280 eisdem
1828 1232 2064 1281 canonicis
2096 1234 2174 1299 pie
2205 1252 2387 1284 memo-

374 1319 441 1367 rie
481 1319 514 1367 J
516 1318 726 1367 ohannes
766 1318 949 1384 primus
984 1318 1274 1382 predecefl'or
1308 1320 1462 1367 noster
1508 1320 1704 1368 testatur
1743 1337 1853 1368 cum
1891 1321 2059 1369 eadem
2098 1322 2287 1372 ecclefia
2326 1324 2386 1372 de

374 1406 712 1473 COaddyrdyne
747 1407 808 1454 ad
841 1406 1144 1455 donationem
1182 1406 1506 1472 episcoporum
1530 1407 1943 1457 Dunkeldenfium
1976 1410 2058 1475 qui
2090 1411 2188 1459 veri
2223 1411 2386 1460 dinos-

375 1504 548 1543 cuntur
581 1495 670 1542 effe
698 1494 886 1560 patroni
921 1494 1156 1560 pertineat
1189 1521 1201 1534 ·
1234 1495 1339 1544 Nos
1367 1505 1530 1544 autem
1558 1495 1638 1561 qui
1666 1494 1775 1544 licet
1801 1495 1918 1544 hora
1944 1497 2194 1547 undecima
2228 1499 2385 1548 sumus

375 1581 497 1630 inter
520 1582 756 1647 operarios
779 1581 903 1630 vinie
928 1581 1108 1630 domini
1133 1581 1314 1630 Saboth
1338 1600 1366 1630 a
1387 1583 1568 1631 summo
1586 1582 1919 1649 patrefamilias
1938 1585 2210 1651 euangelico
2233 1588 2386 1636 vocati

373 1668 588 1734 quamuis
616 1668 777 1734 religio
806 1668 855 1716 in
883 1669 1020 1717 nobis
1050 1668 1207 1718 minus
1234 1671 1287 1718 fit
1314 1670 1541 1718 sufficiens
1572 1679 1621 1718 et
1648 1687 1759 1719 vera
1787 1688 1890 1719 eam
1913 1681 2073 1720 tamen
2096 1673 2145 1720 in
2174 1672 2276 1739 alijs
2306 1669 2383 1740 pie

373 1757 618 1806 confovere
643 1766 690 1806 et
713 1757 945 1823 religiosos
968 1757 1308 1807 honorabiliter
1334 1760 1528 1807 tractare
1557 1759 1783 1808 debemus
1813 1759 2116 1810 donationem
2139 1764 2385 1812 memorati

372 1844 551 1894 domini
575 1844 808 1893 Johannis
839 1844 1168 1910 predeeefl'oris
1203 1845 1345 1893 nostri
1380 1863 1564 1894 necnon
1596 1855 1643 1894 et
1672 1847 2050 1896 confirmationes
2080 1849 2202 1898 bone
2225 1867 2384 1899 recor-

372 1933 575 1981 dationis
611 1932 803 1980 Ricardi
837 1939 884 1980 et
918 1933 952 1981 J
956 1932 1153 1981 ohannis
1188 1933 1377 1981 secundi
1410 1934 1779 1999 predecefl‘orum
1817 1937 2076 1984 nostrorum
2105 1938 2239 2001 super
2271 1956 2380 2003 pre-

371 2020 467 2068 fata
489 2019 676 2068 ecclesia
704 2020 763 2067 de
799 2019 1094 2085 COaddirdyn
1127 2019 1266 2068 latius
1293 2030 1341 2069 et
1369 2021 1618 2085 benignius
1647 2022 2011 2088 interpretantes
2039 2023 2097 2072 de
2126 2024 2311 2073 confilio
2334 2036 2382 2074 et

372 2107 545 2155 assensu
579 2105 772 2172 capituli
806 2106 1153 2156 Dunkeldenfis
1181 2107 1399 2172 predictis
1431 2108 1590 2156 abbati
1616 2117 1664 2157 et
1699 2109 1934 2158 canonicis
1968 2127 2130 2158 eorum
2165 2112 2383 2161 tenuitati

372 2204 420 2244 et
443 2194 710 2261 paupertati
733 2194 1072 2260 compatientes
1107 2195 1410 2244 concedimus
1437 2205 1486 2244 et
1513 2195 1602 2243 hac
1628 2205 1758 2244 carta
1786 2197 1940 2245 nostra
1970 2198 2301 2247 confirmamus
2328 2209 2380 2248 vt

374 2299 535 2332 omnes
559 2292 818 2346 prouentus
841 2282 1047 2348 predicte
1079 2282 1265 2333 ecclefie
1288 2283 1348 2332 de
1379 2284 1692 2350 COaddyrdyn
1715 2285 1764 2332 in
1791 2285 1894 2333 vsus
1922 2286 2025 2334 suos
2052 2287 2266 2352 proprios
2294 2306 2380 2353 pro

373 2372 450 2419 sue
474 2370 726 2419 voluntatis
745 2371 936 2420 arbitrio
950 2370 1093 2420 libere
1109 2381 1390 2421 conuertant
1416 2401 1426 2411 ·
1450 2373 1726 2438 prespiteros
1749 2382 1907 2423 tamen
1932 2374 1982 2421 in
2005 2375 2168 2424 eadem
2192 2376 2380 2425 ecclefia

372 2477 460 2526 pro
483 2468 698 2525 tempore
722 2459 1031 2508 instituendos
1055 2460 1188 2509 nobis
1212 2470 1260 2509 et
1283 2461 1608 2509 successoribus
1639 2462 1806 2510 nostris
1836 2462 2104 2527 presentent
2133 2464 2213 2529 qui
2241 2466 2377 2514 nobis

373 2557 421 2598 et
450 2547 777 2596 succefforibus
808 2548 975 2597 nostris
1007 2549 1066 2597 de
1096 2548 1414 2615 spiritualibus
1444 2549 1756 2615 respondeant
1786 2549 1909 2598 saluo
1932 2551 2073 2599 etiam
2091 2552 2141 2599 in
2159 2554 2375 2602 omnibus

366 2637 476 2701 jure
510 2635 755 2702 episcopali
797 2664 808 2674 ·
850 2636 920 2685 Vt
965 2644 1126 2685 autem
1166 2636 1254 2686 hec
1296 2638 1450 2686 nostra
1482 2639 1704 2686 conceffio
1738 2638 2071 2704 inperpetuum
2106 2641 2241 2689 firma
2274 2654 2376 2690 rata

372 2733 419 2773 et
442 2724 706 2774 inconcuffa
731 2734 1007 2791 permaneat
1029 2734 1129 2774 tam
1163 2743 1250 2775 nos
1279 2743 1420 2791 quam
1444 2725 1703 2791 capitulum
1726 2726 1875 2792 ipsum
1899 2727 1949 2775 in
1971 2729 2153 2794 signum
2176 2730 2373 2778 affensus

372 2812 439 2860 sui
465 2812 608 2879 figilla
635 2814 790 2862 nostra
817 2813 1116 2879 apposuimus
1151 2841 1162 2852 ·
1194 2814 1305 2879 Hijs
1339 2814 1531 2862 testibus
1565 2815 1778 2880 magistro
1808 2815 2018 2865 Henrico
2048 2817 2373 2866 archidiacono

373 2900 526 2948 nostro
563 2927 574 2937 ·
615 2899 831 2949 Gilberto
869 2901 1108 2967 capellano
1151 2930 1161 2940 ·
1204 2901 1265 2949 W
1269 2900 1441 2950 illelmo
1478 2901 1719 2967 capellano
1758 2931 1768 2941 ·
1806 2903 2020 2968 magistro
2064 2904 2272 2952 Roberto
2312 2906 2371 2954 de

374 2985 625 3051 Raparlaw
650 3015 661 3026 -
690 2988 904 3054 magistro
927 2988 1147 3038 Johanne
1170 2989 1230 3038 de
1255 2989 1450 3038 Hetoun
1490 3017 1501 3028 -
1536 2989 1694 3037 Adam
1719 2990 1780 3039 de
1810 2991 2049 3055 prebenda
2085 3019 2096 3030 ·
2133 2990 2368 3040 Willelmo

373 3072 432 3121 de
460 3071 649 3139 Olonny
681 3074 915 3123 canonicis
947 3075 1359 3141 Dunkeldenfibus
1392 3105 1403 3116 ·
1439 3076 1637 3130 COatheo
1670 3077 1851 3126 decano
1882 3105 1893 3116 ·
1929 3078 2146 3143 Eugenio
2178 3079 2311 3144 perso
