2808 3926
472 388 533 433 18
1237 378 1712 429 REGISTRUM

472 607 796 675 Confirmatio
821 623 970 689 Regis
995 621 1259 671 Alexandri
1285 647 1298 659 ·

383 804 442 849 15
467 781 757 848 Alexander
780 797 856 845 dei
873 796 1024 862 gratia
1046 796 1157 845 Rex
1177 795 1449 845 Scottorum
1471 794 1691 844 omnibus
1715 796 1875 861 probis
1892 796 2160 846 hominibus
2184 797 2331 846 totius
2354 807 2477 846 terre

466 887 544 935 sue
568 885 745 934 clericis
770 893 816 933 et
839 884 968 933 laicis
991 883 1186 932 salutem
1225 883 1392 933 Sciant
1422 884 1660 950 presentes
1684 892 1732 932 et
1762 884 1912 933 futuri
1940 903 2017 934 me
2040 886 2295 934 conceffiffe
2319 894 2367 934 et
2389 885 2477 934 hac

462 983 591 1022 carta
614 990 720 1021 mea
743 972 1034 1021 confirmaffe
1056 971 1166 1020 Deo
1186 981 1233 1020 et
1250 972 1404 1021 san&e
1429 971 1586 1026 COarie
1601 981 1649 1020 et
1665 971 1852 1021 ecclefie
1869 972 2011 1021 saneti
2029 973 2060 1022 J
2064 972 2264 1021 ohannis
2282 972 2475 1039 apostoli

463 1070 510 1111 et
533 1060 817 1126 euangeliste
841 1059 970 1125 apud
992 1058 1254 1124 Inchafryn
1273 1068 1321 1108 et
1340 1059 1578 1108 canonicis
1602 1060 1783 1109 ibidem
1807 1060 1917 1109 Deo
1935 1061 2243 1109 seruientibus
2262 1070 2310 1110 et
2332 1061 2477 1110 serui-

461 1149 578 1199 turis
613 1149 740 1197 dona
774 1166 866 1213 que
895 1165 1052 1196 comes
1078 1147 1325 1197 Gilbertus
1355 1148 1414 1197 de
1440 1146 1725 1214 Stratheryn
1755 1148 1981 1197 fundator
2012 1149 2151 1214 ipfius
2183 1148 2369 1197 ecclesie
2399 1149 2478 1213 pia

460 1237 713 1286 deuotione
728 1236 798 1285 eis
812 1236 942 1285 dedit
958 1235 1132 1285 scilicet
1150 1235 1426 1302 Inchaffryn
1441 1235 1764 1285 Achinluxich
1782 1245 1830 1285 et
1847 1236 2093 1302 Ardewny
2111 1246 2157 1285 et
2175 1236 2411 1302 Ardbany
2431 1247 2478 1284 et

457 1325 729 1392 Duffynder
760 1334 808 1374 et
831 1324 997 1373 Balfur
1020 1334 1067 1374 et
1096 1324 1442 1391 Balmakgillon
1471 1335 1519 1374 et
1547 1334 1642 1373 tres
1670 1342 1804 1373 acras
1831 1335 1955 1374 terre
1983 1324 2104 1373 illius
2136 1344 2227 1390 que
2259 1326 2476 1391 proxima

458 1415 522 1464 est-
559 1415 748 1465 ‹narefio
785 1413 845 1461 de
885 1411 1059 1461 Fowlis
1098 1413 1252 1461 versus
1289 1412 1559 1478 aquilonem
1597 1422 1645 1462 et
1678 1413 1835 1461 villam
1881 1431 1974 1478 que
2015 1413 2188 1462 dicitur
2224 1413 2475 1462 Ruhalach

458 1520 600 1568 quam
623 1502 752 1550 idem
776 1517 932 1549 comes
956 1499 1089 1548 dedit
1112 1500 1179 1549 eis
1202 1518 1289 1566 pro
1314 1500 1510 1549 decimis
1533 1500 1773 1549 lucrorum
1799 1502 1988 1548 suorum
2011 1518 2103 1566 que
2125 1501 2411 1566 prouenient
2432 1502 2475 1550 ei

393 1632 396 1635 .
458 1601 505 1640 et
527 1591 781 1639 heredibus
803 1589 895 1637 suis
911 1589 971 1637 de
994 1587 1179 1654 placitis
1203 1599 1251 1637 et
1269 1588 1472 1654 querelis
1496 1589 1556 1637 de
1580 1590 1809 1638 comitatu
1831 1590 1911 1637 suo
1937 1616 1948 1628 ·
1974 1588 2111 1638 saluis
2136 1590 2307 1638 eisdem
2331 1607 2475 1638 cano-

457 1680 573 1729 nicis
597 1678 794 1728 decimis
819 1696 911 1743 que
942 1677 1153 1743 predicto
1184 1677 1348 1726 comiti
1379 1687 1426 1726 et
1456 1677 1711 1726 heredibus
1739 1677 1830 1725 suis
1859 1677 2050 1726 aliunde
2073 1678 2320 1727 euenerint
2344 1688 2391 1728 et
2415 1679 2473 1726 de

456 1770 643 1823 marefio
668 1768 727 1817 de
750 1767 916 1816 ffowlis
947 1768 1064 1815 ficut
1088 1766 1359 1815 continetur
1381 1767 1431 1814 in
1455 1776 1586 1815 carta
1615 1766 1756 1832 ipfius
1788 1767 1973 1815 comitis
2000 1795 2010 1806 ·
2047 1777 2094 1816 et
2121 1786 2270 1815 vnum
2294 1767 2473 1822 ‹nolen-

456 1859 623 1906 dinum
645 1858 785 1923 super
809 1856 946 1922 Eryn
977 1855 1107 1921 apud
1129 1854 1399 1921 Dunfallyn
1420 1856 1536 1904 ficut
1565 1855 1774 1904 similiter
1803 1856 2078 1905 continetur
2101 1855 2150 1903 in
2175 1865 2304 1905 carta
2334 1857 2472 1922 ipsius

456 1947 639 1995 comitis
665 1974 675 1984 ·
701 1955 749 1995 et
771 1955 987 2010 preterea
1009 1944 1243 1994 decimam
1267 1944 1480 1993 omnium
1503 1962 1730 1993 canorum
1755 1954 1802 1993 et
1825 1945 2099 1994 reddituum
2124 1945 2264 2011 ipsius
2287 1946 2473 1994 comitis

455 2034 504 2081 in
544 2034 781 2082 frumento
816 2034 967 2081 farina
994 2050 1141 2099 grano
1181 2034 1330 2081 brafio
1362 2033 1490 2081 cafiis
1533 2042 1580 2081 et
1617 2032 1835 2081 omnibus
1876 2033 2061 2082 cibariis
2097 2051 2188 2099 que
2222 2033 2473 2082 annuatim

456 2106 794 2188 expenduntur
817 2121 866 2168 in
891 2121 1021 2170 curia
1040 2122 1143 2186 ejus
1166 2130 1214 2170 et
1238 2120 1470 2169 decimam
1494 2120 1642 2169 totius
1665 2120 1799 2185 piscis
1823 2139 1915 2186 que
1939 2122 2000 2169 ad
2023 2107 2313 2186 quoquinam
2332 2122 2472 2188 ipfius

455 2211 664 2259 defertur
694 2219 742 2259 et
773 2210 1006 2258 decimam
1034 2208 1300 2258 venationis
1340 2209 1420 2257 sue
1453 2207 1694 2257 licentiam
1729 2226 1918 2274 quoque
1950 2209 2162 2273 piscandi
2194 2210 2246 2258 in
2279 2211 2471 2276 Peffryn

454 2299 721 2362 vbicunque
744 2296 981 2346 voluerint
1012 2305 1060 2345 et
1091 2296 1313 2362 capiendi
1345 2296 1395 2344 in
1436 2296 1708 2345 nemoribus
1736 2296 1876 2362 ipsius
1913 2297 2098 2345 comitis
2127 2297 2206 2345 vbi
2233 2298 2299 2346 eis
2322 2298 2472 2364 magis

456 2396 778 2453 opportunum
812 2384 953 2434 fuerit
988 2384 1232 2433 materiem
1267 2385 1329 2433 ad
1365 2384 1716 2433 edificationem
1751 2384 1999 2433 domorum
2034 2385 2220 2433 suarum
2249 2394 2297 2433 et
2332 2395 2471 2434 vten-

456 2469 614 2518 cilium
629 2480 677 2518 et
700 2469 762 2517 ad
785 2470 969 2534 pastum
991 2469 1113 2534 ignis
1138 2495 1151 2508 ·
1176 2469 1384 2519 concedo
1403 2470 1544 2520 etiam
1568 2480 1616 2520 et
1630 2473 1857 2521 confirmo
1871 2471 1982 2520 Deo
2005 2482 2054 2520 et
2078 2472 2210 2520 dictis
2234 2472 2470 2521 canonicis

457 2556 691 2605 ecclesiam
725 2556 865 2604 sancti
902 2556 1097 2605 Patricii
1132 2556 1192 2606 de
1232 2556 1462 2623 Strogeth
1492 2557 1728 2606 ecclefiam
1769 2558 1911 2607 sancti
1945 2558 2145 2608 Seruani
2187 2560 2246 2607 de
2281 2560 2470 2626 Dunyn

457 2644 696 2695 ecclesiam
749 2643 889 2692 sancti
930 2644 1131 2692 Kattani
1182 2645 1243 2693 de
1283 2644 1556 2695 Abruthfen
1597 2645 1833 2695 ecclefiam
1881 2647 2031 2696 sancti·
2068 2647 2365 2700 makkefi'ani
2411 2650 2470 2698 de

461 2721 835 2784 Ouchtirardore
866 2731 1105 2781 ecclesiam
1142 2733 1284 2781 sancti
1321 2733 1474 2782 Beani
1511 2734 1571 2783 de
1610 2735 1822 2800 Kynkell
1858 2735 2094 2784 ecclesiam
2135 2737 2276 2786 sancti
2317 2737 2470 2787 Beani

458 2824 518 2872 de
565 2821 733 2871 ffowlis
781 2821 1022 2870 ecclefiam
1071 2820 1215 2870 sancti
1260 2822 1517 2870 Ethirnani
1565 2822 1624 2871 de
1669 2823 1994 2890 COaddirnyne
2045 2825 2280 2873 ecclesiam
2329 2826 2469 2875 sancti

462 2909 662 2960 Seruani
686 2909 745 2958 de
769 2908 1071 2975 COoyheuard
1094 2907 1336 2958 ecclesiam
1359 2909 1502 2958 sancti
1531 2909 1729 2976 Brigide
1757 2911 1817 2959 de
1847 2911 2094 2978 Kylbryde
2124 2940 2134 2951 ·
2175 2913 2339 2969 Quare
2362 2913 2468 2962 volo

458 3008 512 3048 ut
545 2997 756 3065 predicta
791 2995 981 3045 ecclefia
1016 3004 1065 3044 et
1100 2995 1316 3045 canonici
1353 2997 1561 3063 ejusdem
1595 2997 1687 3047 loci
1721 2999 1879 3047 omnia
1910 3000 2167 3066 prescripta
2198 3009 2392 3050 teneant
2420 3013 2469 3050 et

458 3088 717 3155 poffideant
750 3086 801 3134 in
830 3102 1000 3152 puram
1036 3095 1084 3134 et
1120 3094 1402 3151 perpetuam
1438 3085 1735 3136 elemosinam
1769 3105 1876 3136 cum
1912 3089 2131 3138 omnibus
2159 3090 2297 3155 justis
2325 3091 2467 3156 perti-
