2808 3926
402 372 464 415 52
1189 370 1612 420 REGISTRUM
1659 333 1677 347 ·

399 540 503 571 mee
543 542 685 589 quam
722 526 783 574 ad
816 525 1137 575 feodofirmam
1172 523 1303 573 tenui
1339 524 1389 570 in
1423 524 1658 572 territorio
1696 524 1755 574 de
1794 524 2026 591 Petlandy
2057 535 2197 592 atque
2230 530 2395 578 mififl'e

398 611 584 666 michin
619 622 665 661 et
700 614 963 667 martinum
994 611 1188 661 famulos
1225 628 1353 659 meos
1381 610 1550 675 quibus
1582 629 1690 660 vero
1725 614 1916 660 conceffi
1951 631 2107 662 meam
2137 614 2394 679 plenariam

399 703 671 767 potestatem
690 700 738 747 in
762 700 850 748 hoc
873 700 933 747 ad
956 699 1230 765 ponendum
1254 698 1429 747 dictum
1452 699 1670 746 abbatem
1686 698 1759 746 vel
1776 699 1878 747 suos
1901 709 2227 765 procuratores
2250 719 2396 749 vnum

398 790 472 838 vel
486 789 643 855 plures
667 789 716 836 in
738 788 994 854 plenariam
1016 788 1238 852 sayfinam
1261 787 1380 835 dicte
1405 802 1526 836 terre
1549 804 1652 835 mee
1677 787 1735 835 de
1759 786 1994 853 Petlandy
2017 787 2151 836 saluis
2176 788 2224 835 in
2249 790 2394 836 omni-

397 879 484 926 bus
525 877 714 925 domino
754 876 883 924 feudi
918 875 1009 941 hijs
1045 893 1136 940 que
1170 876 1219 923 in
1254 885 1382 924 carta
1414 876 1537 924 inter
1572 894 1649 924 me
1690 885 1737 924 et
1773 876 1924 942 ipsum
1964 876 2170 924 confestam
2206 877 2394 942 plenius

398 965 700 1013 continentur
735 990 747 1002 ·
790 964 850 1011 In
885 965 1019 1028 cujus
1052 963 1122 1012 rei
1156 963 1471 1011 testimonium
1498 963 1645 1012 literis
1675 964 1968 1029 presentibus
1999 963 2196 1030 figillum
2231 983 2391 1014 meum

397 1051 587 1118 apposui
608 1069 701 1099 vna
723 1069 832 1099 cum
854 1050 997 1117 figillo
1019 1050 1294 1099 venerabilis
1318 1051 1498 1099 domini
1524 1051 1724 1100 Roberti
1748 1052 1824 1100 dei
1847 1052 1999 1117 gratia
2018 1052 2230 1118 episcopo
2255 1053 2394 1100 Dun-

396 1141 598 1189 blanenfi
648 1169 658 1180 ·
705 1140 890 1188 Datum
935 1140 1064 1205 apud
1111 1140 1315 1188 Insulam
1360 1141 1594 1194 miffarum
1645 1160 1768 1190 anno
1814 1143 1966 1207 gratie
2012 1141 2245 1196 millesimo
2292 1149 2394 1191 ccm⁰

396 1230 726 1296 septuagesimo
750 1229 901 1295 primo
920 1229 995 1277 die
1018 1229 1157 1277 san&
1180 1229 1375 1278 Andree
1398 1229 1589 1295 apostoli
1615 1257 1626 1269 ·

398 1477 624 1543 Donatio
648 1502 850 1560 quatuor
874 1510 1141 1543 marcarum
1164 1494 1308 1543 annui
1331 1494 1544 1543 redditus
1569 1495 1627 1543 de
1652 1500 1779 1544 t'erra
1802 1496 1860 1544 de
1886 1496 2131 1551 COukrand
2155 1523 2167 1535 ·

309 1672 372 1719 52
401 1650 657 1717 Omnibus
685 1668 775 1717 hoc
796 1668 1021 1734 scriptum
1046 1669 1205 1717 visuris
1229 1669 1303 1718 vel
1325 1670 1554 1718 audituris
1579 1670 1798 1724 COalicius
1822 1688 1978 1719 comes
2010 1671 2069 1720 de
2105 1670 2394 1737 Stratheryn

396 1756 591 1805 salutem
614 1765 828 1805 eternam
845 1756 895 1803 in
914 1756 1105 1804 domino
1132 1784 1142 1794 ·
1167 1756 1374 1805 Nouerit
1391 1757 1665 1806 vniuerfitas
1688 1759 1839 1806 vestra
1854 1776 1931 1807 me
1950 1759 2121 1807 dedisse
2141 1759 2395 1807 conceffifl'e

394 1855 442 1894 et
464 1845 552 1893 hac
585 1845 785 1911 presenti
809 1854 937 1893 carta
966 1862 1072 1893 mea
1095 1845 1384 1894 confirmaffe
1406 1845 1516 1894 Deo
1547 1856 1594 1894 et
1617 1847 1752 1894 beate
1776 1847 1932 1901 marie
1955 1856 2003 1895 et
2027 1847 2212 1895 cuidam
2238 1846 2396 1912 capel-

393 1933 502 1981 lano
539 1931 795 1981 celebranti
833 1932 995 1980 diuina
1032 1932 1083 1979 in
1115 1931 1430 1981 elemosinario
1471 1933 1529 1981 de
1565 1933 1721 1981 Insula
1757 1934 1991 1987 missarum
2024 1951 2113 2000 pro
2153 1934 2398 1981 animabus

394 2020 730 2068 antecessorum
751 2037 966 2068 meorum
989 2028 1036 2068 et
1064 2019 1274 2067 omnium
1303 2019 1513 2068 fidelium
1537 2020 1863 2069 defunctorum
1886 2030 1933 2070 et
1960 2040 2046 2088 pro
2070 2023 2226 2072 anima
2249 2023 2394 2090 Bricij

395 2108 454 2156 de
477 2108 764 2156 Ardroffane
786 2125 872 2173 pro
896 2106 1055 2171 quieta
1077 2106 1353 2155 clamatione
1377 2116 1500 2156 terre
1524 2108 1583 2156 de
1608 2107 1855 2174 Buchaldy
1871 2110 1992 2158 etde
2007 2110 2238 2177 Lanyrky
2257 2129 2398 2176 quam

395 2195 585 2261 quidem
609 2204 782 2243 terram
806 2194 954 2243 dictus
979 2193 1165 2242 Bricius
1187 2194 1330 2242 michi
1354 2203 1401 2243 et
1423 2194 1675 2242 heredibus
1689 2196 1806 2244 meis
1831 2197 1934 2261 post
1948 2197 2048 2246 dies
2071 2199 2174 2247 suos
2190 2199 2397 2263 quietam

395 2282 613 2331 clamauit
661 2291 861 2347 quatuor
908 2298 1085 2336 coarcas
1122 2282 1305 2347 argenti
1344 2281 1404 2330 de
1440 2282 1575 2329 firma
1612 2292 1735 2331 terre
1774 2301 1865 2348 que
1910 2294 2105 2334 vocatur
2151 2285 2398 2338 mukrand

396 2371 721 2437 percipiendas
744 2369 932 2436 singulis
955 2370 1090 2418 annis
1114 2370 1447 2435 inperpetuum
1462 2369 1510 2416 in
1527 2369 1720 2417 liberam
1739 2379 1786 2418 et
1800 2381 2078 2437 perpetuam
2103 2372 2397 2422 elemofinam

397 2461 454 2508 de
477 2478 553 2508 me
585 2469 632 2508 et
661 2459 912 2507 heredibus
942 2458 1058 2506 meis
1089 2474 1177 2523 per
1200 2475 1368 2505 manus
1395 2446 1713 2506 firmariorum‘
1741 2459 1947 2522 ejusdem
1974 2469 2102 2509 terre
2131 2462 2396 2526 quicunque

396 2547 571 2596 fuerint
605 2564 691 2612 pro
726 2555 939 2611 tempore
974 2545 1025 2592 in
1058 2545 1180 2593 dicta
1220 2554 1345 2593 terra
1386 2555 1732 2594 commorantes
1767 2547 1827 2593 ad
1870 2547 2247 2597 sustentationem
2289 2549 2396 2596 dieti

397 2634 625 2700 capellani
643 2633 910 2698 quicunque
933 2631 1073 2679 fuerit
1096 2631 1430 2697 inperpetuum
1455 2660 1466 2670 ·
1492 2632 1715 2681 Preterea
1733 2633 1793 2681 do
1810 2643 1856 2682 et
1875 2636 2081 2683 concedo
2099 2645 2147 2685 et
2164 2636 2252 2684 hac
2271 2645 2399 2684 carta

396 2740 502 2770 mea
524 2722 751 2770 confirmo
769 2719 959 2768 domino
977 2718 1217 2784 capellano
1241 2727 1287 2766 et
1304 2719 1631 2767 successoribus
1649 2721 1737 2768 suis
1761 2721 1809 2768 in
1826 2731 2109 2787 perpetuum
2131 2724 2181 2770 in
2203 2722 2397 2772 liberam

397 2819 445 2858 et
466 2817 745 2875 perpetuam
768 2806 1061 2856 elemosinam
1083 2805 1208 2853 illam
1231 2804 1508 2871 perticulam
1531 2816 1654 2855 terre
1678 2825 1819 2871 quam
1842 2810 2195 2874 prenominatus
2215 2809 2397 2858 Bricius

398 2898 457 2946 de
482 2896 766 2945 Ardroffane
789 2893 943 2942 tenuit
973 2893 1023 2940 in
1044 2892 1153 2940 villa
1176 2892 1235 2941 de
1257 2892 1517 2941 Dunblane
1549 2911 1638 2958 que
1662 2903 1858 2943 vocatur
1881 2895 2097 2945 Tolauch
2126 2915 2211 2963 per
2235 2915 2397 2946 omnes

398 2987 543 3034 recitas
581 2984 747 3032 diuisas
778 2983 879 3030 suas
913 2981 1167 3030 tenendam
1199 2989 1246 3029 et
1275 2980 1538 3029 habendam
1569 2982 1628 3030 de
1658 3000 1734 3030 me
1766 2992 1811 3031 et
1846 2983 2096 3033 heredibus
2127 2986 2243 3034 meis
2275 2987 2397 3035 dicto

399 3072 638 3139 capellano
661 3081 708 3120 et
738 3069 1062 3119 successoribus
1094 3068 1182 3116 suis
1215 3068 1275 3116 ad
1305 3067 1643 3117 inueniendum
1676 3069 1865 3119 calicem
1891 3081 1937 3120 et
1969 3082 2245 3122 ornamenta
2272 3074 2393 3122 dieto
