2808 3926
455 379 518 426 40
1218 373 1692 426 REGISTRUM

455 531 652 579 Andrea
697 531 853 579 Teket
900 558 911 569 ·
957 530 1168 583 COartino
1208 529 1267 577 de
1306 528 1416 577 Lefi
1456 555 1466 567 ·
1515 527 1724 576 Henrico
1762 528 2029 576 Tenteman
2071 555 2082 566 ·
2128 527 2360 576 Nieholao
2400 528 2460 575 de

459 619 767 667 Scardborow
792 646 804 658 ·
831 617 1040 667 Henrieo
1064 617 1122 665 de
1147 615 1355 664 Bedford
1379 641 1391 654 ·
1416 613 1600 667 coalifio
1625 614 1945 663 Treisdeneris
1966 623 2015 664 et
2037 613 2194 668 multis
2217 614 2316 663 aliis
2341 641 2352 654 ·

463 864 621 932 Carta
643 880 702 928 de
728 878 883 927 Scona
905 877 964 925 de
988 885 1113 925 terra
1136 875 1362 925 Willelmi
1384 876 1468 941 filij
1497 875 1703 925 Hauoeh
1728 903 1740 915 ·

373 1066 432 1120 41
465 1039 718 1106 Univerfis
763 1054 913 1102 sanete
953 1051 1128 1106 matris
1167 1050 1353 1100 ecelefie
1393 1049 1502 1099 filiis
1541 1051 1632 1100 1100
1665 1051 1888 1117 seriptum
1922 1052 2086 1101 visuris
2120 1052 2195 1102 vel
2233 1054 2463 1102 audituris

461 1143 696 1191 Robertus
734 1141 810 1189 dei
845 1139 996 1206 gratia
1032 1139 1176 1187 abbas
1213 1138 1273 1187 de
1312 1137 1469 1188 Scona
1507 1146 1557 1187 et
1594 1139 1799 1203 ejusdem
1835 1138 1925 1188 1001
1970 1149 2232 1188 conuentus
2277 1141 2465 1189 humilis

458 1229 650 1278 salutem
674 1229 723 1276 in
747 1227 938 1276 domino
961 1235 1174 1275 eternam
1212 1252 1224 1264 ·
1262 1225 1507 1274 Noueritis
1535 1244 1622 1274 nos
1650 1228 1890 1275 communi
1914 1228 2132 1276 consensu
2154 1238 2202 1277 et
2225 1228 2465 1277 voluntate

460 1316 653 1383 capituli
683 1315 826 1364 nostri
853 1314 978 1362 illam
1015 1313 1336 1362 venditionem
1369 1330 1511 1378 quam
1541 1313 1805 1362 Willelmus
1835 1314 1959 1363 filius
1993 1315 2197 1364 Hauoch
2225 1317 2283 1365 de
2319 1317 2466 1366 Perth

458 1405 568 1453 viris
614 1403 831 1469 religiosis
872 1401 1031 1450 abbati
1071 1410 1120 1449 et
1166 1400 1423 1449 conuentui
1468 1401 1527 1449 de
1573 1401 1732 1450 Insula,
1776 1402 2020 1457 COiffarum
2065 1403 2176 1453 feeit
2220 1414 2371 1453 ratam
2418 1415 2466 1453 et

458 1495 643 1542 firmam
676 1493 903 1541 habentes
938 1489 1162 1556 presentis
1189 1488 1350 1555 scripti
1381 1490 1524 1538 nostri
1557 1491 1819 1540 munimine
1852 1493 2082 1541 roborafl‘e
2115 1520 2126 1532 ·
2174 1493 2383 1542 volentes
2418 1503 2466 1541 et

460 1580 767 1629 concedentes
805 1577 933 1643 quod
972 1577 1082 1626 die-zi
1118 1578 1263 1626 abbas
1300 1586 1348 1626 et
1389 1587 1650 1626 conuentus
1695 1578 1866 1627 dietam
1911 1589 2085 1628 terram
2131 1580 2189 1629 de
2234 1581 2373 1629 nobis
2418 1590 2466 1629 et

459 1668 785 1717 succefforibus
816 1665 982 1715 nostris
1016 1665 1064 1713 in
1099 1674 1382 1731 perpetuum
1417 1665 1561 1714 libere
1591 1675 1640 1715 et
1674 1667 1831 1732 quiete
1866 1677 2060 1717 teneant
2093 1678 2141 1717 et
2170 1669 2428 1734 poflideant
2454 1697 2464 1707 ·

458 1756 671 1804 faciendo
717 1755 852 1803 nobis
893 1753 1016 1802 idem
1051 1753 1296 1802 seruicium
1331 1754 1459 1818 quod
1492 1753 1700 1819 prefatus
1736 1754 2001 1804 Willelmus
2037 1756 2189 1805 facere
2227 1757 2465 1805 consueuit

459 1844 628 1895 scilicet
651 1843 892 1892 reddendo
915 1841 1052 1891 nobis
1076 1841 1283 1907 quinque
1306 1841 1472 1890 solidos
1496 1842 1742 1891 annuatim
1764 1844 2066 1892 medietatem
2091 1845 2152 1892 ad
2170 1845 2467 1894 Penticosten

457 1943 505 1982 et
546 1932 845 1981 medietatem
882 1931 944 1979 ad
979 1931 1148 1979 festum
1185 1930 1313 1979 beati
1349 1930 1550 1985 martini
1585 1949 1671 1997 pro
1706 1933 1835 1980 omni
1870 1933 2068 1981 seruieio
2103 1933 2296 1981 seculari
2341 1934 2466 1982 saluo

457 2022 679 2070 forinseco
704 2020 894 2069 seruicio
918 2019 1102 2068 domini
1125 2020 1276 2085 Regis
1314 2048 1325 2058 ·
1361 2019 1427 2068 Et
1451 2037 1535 2068 nos
1558 2021 1817 2086 predhstam
1839 2030 2013 2070 terram
2037 2022 2208 2071 eisdem
2234 2023 2395 2071 abbati
2418 2034 2465 2072 et

460 2109 717 2158 eonuentui
757 2117 920 2156 contra
960 2124 1123 2156 omnes
1159 2107 1377 2155 homines
1416 2108 1859 2157 warrantizabimus
1896 2118 1944 2158 et
1990 2110 2298 2159 defendemus
2347 2140 2357 2149 ·
2405 2111 2466 2159 In

460 2199 592 2264 cujus
620 2197 690 2246 rei
723 2197 1043 2246 testimonium
1077 2196 1167 2245 1100
1199 2196 1422 2262 scriptum
1456 2195 1602 2263 figillo
1637 2198 1791 2248 nostro
1827 2200 2069 2248 communi
2102 2201 2427 2249 roborauimus
2453 2229 2463 2240 ·

463 2288 600 2335 Teste
625 2286 834 2352 capitulo
860 2314 870 2324 ·

470 2529 631 2595 Carta
654 2546 880 2596 Willelmi
904 2547 962 2596 de
986 2546 1240 2596 Laicestria
1261 2549 1321 2598 de
1344 2549 1490 2598 Perth
1517 2577 1528 2590 ·

379 2724 442 2772 42
469 2702 728 2768 Omnibus
751 2719 842 2769 hoe
863 2720 1086 2788 seriptum
1109 2720 1269 2770 visuris
1286 2720 1362 2770 vel
1377 2721 1607 2771 audituris
1622 2722 1857 2771 Ricardus
1875 2723 1934 2771 de
1946 2722 2215 2789 Layeestria
2227 2725 2465 2790 burgenfis

467 2808 526 2856 de
555 2807 703 2857 Perth
734 2817 946 2858 eternam
974 2809 1022 2856 in
1052 2809 1244 2858 domino
1276 2808 1470 2859 salutem
1506 2837 1518 2849 ·
1552 2809 1759 2860 Nouerit
1795 2810 2066 2859 vniuerfitas
2096 2812 2244 2860 vestra
2274 2831 2350 2861 me
2379 2831 2466 2879 pro

467 2893 610 2949 salute
641 2895 796 2944 anime
830 2913 934 2945 mee
964 2905 1013 2944 et
1042 2896 1382 2946 antecefforum
1412 2907 1625 2947 meorum
1660 2897 1831 2947 dedifl’e
1860 2899 2113 2948 conceffifl'e
2144 2908 2192 2948 et
2219 2899 2307 2949 hae
2338 2911 2467 2949 carta

468 3000 574 3033 mea
603 2984 890 3034 confirmafl'e
921 2984 1010 3033 deo
1044 2993 1092 3033 et
1121 2985 1257 3034 beate
1293 2984 1448 3040 COarie
1488 2994 1536 3034 et
1570 2986 1709 3034 beato
1746 2985 1954 3036 Johanni
1991 2982 2195 3052 apestolo
2232 2997 2280 3037 et
2319 3006 2466 3037 euan-
