2808 3926
1040 360 1145 408 DE
1188 360 1720 411 INCHAFFERY.
2328 367 2391 412 23

378 515 604 563 affensum
637 515 901 564 sereniffimi
930 515 1110 565 domini
1145 516 1238 565 mei
1273 516 1473 565 Roberti
1507 516 1692 565 comitis
1723 517 1783 565 de
1822 516 2106 582 Stratheryn
2139 516 2391 582 impetraui

378 602 459 668 qui
482 613 530 651 et
554 603 603 651 in
626 605 808 669 fignum
831 604 898 652 sui
921 604 1121 653 affensus
1145 603 1268 652 hanc
1299 621 1454 652 meam
1486 604 1789 654 donationem
1818 605 1879 653 ad
1907 622 2012 654 mee
2040 603 2390 670 supplicationis

378 692 646 740 instantiam
681 693 814 759 figilli
840 694 908 741 sui
939 693 1205 742 testimonio
1237 694 1536 743 confirmauit
1570 695 1790 744 Testibus
1823 695 2018 744 domino
2050 695 2271 760 Fcrgufio
2294 695 2389 745 filio

378 781 561 829 comitis
600 807 611 820 ·
648 780 839 830 domino
871 781 1061 847 Rogero
1086 781 1147 831 de
1175 781 1406 830 Luuetost
1432 810 1443 820 ·
1473 782 1666 832 domino
1695 782 1937 832 Richardo
1965 777 2111 838 toilite
2136 809 2148 822 ·
2174 783 2388 850 magistro

378 869 423 919 Ο
441 897 452 909 ·
479 871 674 935 persona
697 870 756 919 de
779 869 956 935 ‹ouyhe
971 897 983 909 ·
1011 869 1225 919 Henrico
1242 858 1484 919 Rennario
1500 897 1512 910 ·
1537 871 1778 926 coakbeth
1794 870 1936 927 Coore
1954 898 1967 912 ο
1992 881 2041 922 et
2064 871 2222 927 coultis
2246 871 2347 921 aliis
2373 899 2385 912 ·

378 1117 700 1185 Confirmatio
727 1134 910 1184 comitis
939 1135 1140 1184 Roberti
1163 1135 1223 1184 de
1247 1134 1464 1183 omnibus
1488 1133 1689 1183 ecclesiis
1712 1135 1849 1184 terris
1873 1145 1921 1184 et
1955 1136 2299 1200 poffessionibus
2336 1147 2383 1186 et

375 1225 569 1274 decimis
595 1224 932 1274 canonicorum
959 1253 969 1264 ·

282 1412 344 1456 21
375 1385 640 1453 Robertus
674 1421 832 1453 comes
860 1403 920 1452 de
951 1402 1238 1470 Stratheryn
1266 1402 1487 1451 omnibus
1515 1402 1605 1451 hoo
1629 1402 1850 1468 scriptum
1874 1403 2036 1452 visuris
2058 1403 2134 1452 vel
2156 1404 2386 1453 audituris

387 1491 585 1541 salutem
619 1520 630 1530 ·
669 1491 834 1541 Sciant
861 1491 1099 1557 presentes
1132 1500 1180 1540 et
1205 1490 1354 1539 futuri
1376 1508 1453 1541 me
1475 1491 1732 1540 conceffifl'e
1755 1499 1803 1539 et
1825 1490 1914 1539 hac
1936 1502 2064 1541 carta
2079 1476 2191 1541 'mea
2217 1493 2390 1542 confir-

374 1580 514 1629 mafl'e
554 1580 644 1629 deo
686 1590 734 1629 et
772 1581 912 1629 beate
951 1579 1108 1634 marie
1148 1588 1197 1628 et
1235 1579 1375 1628 beato
1421 1578 1633 1628 Johanni
1678 1578 1885 1644 apostolo
1924 1579 1986 1628 de
2033 1579 2290 1646 Inchafryn
2335 1591 2384 1629 et

366 1668 604 1719 canonicis
644 1669 850 1735 ejusdem
888 1668 980 1718 loci
1019 1686 1278 1734 eorumque
1315 1667 1647 1717 successoribus
1694 1667 1952 1717 Tenendas
1991 1669 2074 1717 fibi
2115 1670 2175 1718 de
2215 1688 2291 1719 me
2333 1681 2383 1719 et

366 1758 618 1808 heredibus
647 1758 764 1807 meis
795 1757 845 1806 in
876 1775 1047 1824 puram
1077 1767 1126 1807 et
1158 1766 1440 1824 perpetuam
1465 1756 1762 1806 elemosinam
1793 1774 1958 1806 omnes
1983 1757 2194 1807 ecclesias
2230 1768 2379 1808 terras

368 1855 416 1895 et
448 1847 740 1912 pofl‘efliones
780 1846 1021 1896 libertates
1054 1846 1358 1895 retffitudines
1393 1845 1754 1895 consuetudines
1794 1846 2064 1896 aisiamenta
2093 1857 2142 1896 et
2173 1848 2379 1897 decimas

368 1936 662 1985 omnimodas
685 1936 735 1984 in
759 1935 900 1984 domo
923 1936 1078 1984 nostra
1101 1944 1148 1984 et
1171 1935 1220 1982 in
1244 1935 1379 1984 terris
1402 1935 1570 1984 nostris
1593 1943 1641 1983 et
1662 1944 1820 1984 cetera
1842 1935 2001 1984 omnia
2024 1954 2115 2001 que
2137 1937 2380 2002 prenomi-

368 2033 508 2072 natus
537 2041 692 2074 comes
724 2024 946 2073 dominus
975 2033 1023 2073 et
1050 2032 1186 2090 pater
1215 2041 1350 2073 meus
1379 2024 1551 2073 eisdem
1585 2023 1823 2073 canonicis
1855 2024 1987 2074 dedit
2017 2034 2066 2074 et
2089 2026 2305 2074 conceffit
2328 2036 2376 2075 et

367 2130 454 2178 per
475 2122 627 2161 cartas
646 2113 753 2161 suas
775 2113 887 2161 inde
910 2112 1052 2162 fa&as
1076 2112 1374 2161 confirmauit
1398 2113 1463 2161 ita
1484 2112 1629 2162 libere
1646 2113 1804 2178 quiete
1822 2112 2032 2179 plenarie
2050 2123 2098 2163 et
2120 2114 2376 2164 honorifice

367 2211 416 2251 et
455 2202 639 2267 integre
678 2203 792 2251 ficut
832 2202 1005 2251 eisdem
1045 2201 1185 2251 cartis
1225 2202 1373 2268 patris
1412 2201 1507 2251 mei
1547 2211 1595 2251 et
1633 2202 1751 2251 meis
1790 2202 2060 2252 continetur
2098 2232 2109 2242 ·
2151 2203 2374 2253 Preterea

368 2291 577 2340 concedo
600 2291 819 2357 predicffis
852 2291 1090 2339 canonicis
1113 2300 1162 2339 et
1180 2290 1246 2340 eis
1270 2299 1501 2357 perpetuo
1524 2291 1584 2340 de
1607 2309 1684 2340 me
1708 2301 1755 2340 et
1777 2291 2028 2341 heredibus
2059 2293 2175 2341 meis
2206 2293 2373 2342 incon-

367 2379 490 2428 cufl‘e
525 2378 810 2427 Tenendum
844 2378 1048 2445 presenti
1080 2388 1209 2427 carta
1231 2379 1459 2428 confirmo
1490 2388 1723 2444 quatenus
1754 2379 1911 2428 nullus
1946 2381 2156 2428 nostrum
2191 2381 2272 2429 det
2299 2380 2373 2430 vel

365 2467 524 2532 aliquo
547 2468 688 2528 modo
717 2468 928 2517 conferat
955 2467 1094 2517 alicui
1116 2477 1291 2517 terram
1313 2468 1387 2518 vel
1411 2469 1666 2534 quidquam
1691 2468 1823 2517 aliud
1845 2469 1927 2517 nifi
1949 2469 2084 2518 saluis
2113 2469 2372 2519 elemofinis

363 2556 720 2606 rectitudinibus
757 2557 819 2606 ad
855 2557 976 2623 ipsos
1014 2557 1263 2606 canonicos
1303 2558 1364 2607 de
1395 2559 1504 2624 jure
1544 2558 1891 2625 pertinentibus
1939 2588 1950 2598 ·
1998 2559 2107 2607 Hiis
2148 2559 2369 2609 Testibus

364 2646 574 2695 Abraam
609 2646 842 2712 Episcopo
875 2646 1200 2696 Dunblanenfi
1249 2675 1260 2686 ·
1309 2647 1526 2697 Gilberto
1561 2647 1892 2698 archidiacono
1937 2648 1996 2697 de
2034 2649 2316 2717 Stratheryn
2352 2679 2364 2690 ·

364 2734 581 2801 Fergufio
615 2734 797 2789 malifio
827 2734 1046 2784 Gilberto
1080 2735 1300 2784 fratribus
1328 2737 1445 2784 meis
1477 2764 1487 2775 ·
1513 2736 1671 2785 Bricio
1696 2737 1891 2803 persona
1918 2737 1977 2786 de
2007 2737 2146 2787 Crefe
2179 2765 2190 2777 ·
2219 2739 2365 2793 0031(-

362 2822 475 2872 beth
497 2821 635 2875 morr
661 2852 671 2862 ·
696 2823 935 2873 Duncano
960 2833 1007 2873 et
1032 2823 1323 2874 Gillethoma
1344 2823 1451 2873 filiis
1475 2824 1645 2879 malifii
1670 2851 1682 2863 ·
1708 2835 1755 2873 et
1778 2824 1940 2879 multis·
1957 2824 2058 2874 aliis
2085 2854 2095 2865 ·
