2756 3926
1056 388 1157 436 DE
1199 385 1730 437 INCHAFFERY.
2337 390 2399 439 75

392 545 452 594 de
479 544 668 610 Clonyn
694 570 705 583 ·
732 543 977 591 Bernardo
1001 541 1242 608 capellano
1266 542 1326 591 de
1352 541 1536 607 Kergill
1559 567 1572 581 ·
1598 540 1807 606 Hugone
1838 539 2115 589 Abbraham
2144 538 2399 604 capellanis

393 631 558 680 nostris
583 658 594 669 ·
622 630 909 697 Berengario
932 639 979 679 et
997 629 1154 678 Alano
1173 629 1351 679 clericis
1376 629 1541 678 nostris
1565 638 1613 678 et
1635 626 1792 682 multis
1814 626 1918 692 alijs
1944 654 1955 668 ·

396 879 558 947 Carta
579 895 764 946 ecclesie
787 896 847 944 de
870 894 1165 961 maddirdyn
1188 895 1535 944 confirmatoria
1559 894 1608 944 G
1634 921 1645 933 ·
1669 893 1873 960 episcopi
1897 920 1910 934 ·

302 1080 364 1132 78
391 1056 651 1124 Vniuerfis
681 1072 831 1120 famae
858 1070 1018 1124 matris
1045 1068 1230 1120 ecclesie
1259 1069 1369 1134 filijs
1395 1070 1581 1134 presens
1611 1070 1835 1136 seriptum
1865 1070 2026 1118 visuris
2059 1069 2134 1119 vel
2161 1070 2391 1119 audituris

391 1189 402 1200 ·
440 1161 490 1211 G
527 1189 537 1199 ·
572 1158 867 1208 miseratione
903 1157 1069 1206 diuina
1101 1156 1285 1205 ecclesie
1324 1155 1675 1206 Dunkeldenfis
1710 1156 1921 1206 minister
1954 1155 2144 1206 humilis
2183 1167 2393 1206 eternam

387 1251 440 1299 in
465 1249 648 1299 Christo
682 1246 877 1296 salutem
913 1274 925 1285 ·
959 1245 1167 1295 Nouerit
1199 1245 1474 1294 vniuerfitas
1507 1247 1657 1295 vestra
1690 1263 1776 1295 nos
1811 1246 1971 1295 diuino
2001 1246 2188 1312 pietatis
2216 1247 2391 1296 intuitu

387 1338 643 1388 coneeflifl'e
675 1346 723 1386 et
749 1335 838 1384 hac
865 1344 995 1384 carta
1021 1335 1177 1383 nostra
1206 1334 1494 1383 confirmasse
1517 1334 1752 1383 cariffimis
1775 1334 1826 1382 in
1849 1334 2034 1384 Christo
2056 1334 2165 1399 filijs
2189 1336 2391 1384 dominis

386 1426 546 1476 abbati
585 1435 634 1474 et
671 1423 930 1473 conuentui
970 1422 1030 1472 de
1067 1421 1226 1471 Insula
1269 1421 1514 1474 coifl'arum
1561 1422 1798 1471 ecclefiam
1837 1422 1897 1471 de
1941 1422 2236 1489 maddirdy'm
2282 1441 2390 1472 cum

385 1514 602 1564 omnibus
627 1513 766 1577 justis
781 1511 1079 1577 pertinentijs
1106 1510 1196 1559 suis
1218 1520 1268 1559 et
1291 1520 1463 1560 terram
1485 1527 1578 1575 que
1602 1511 1800 1560 Abthen
1825 1510 1885 1559 de
1907 1510 2203 1577 oeaddirdyn
2221 1511 2393 1561 dicitur

385 1621 494 1654 eum
517 1602 734 1651 omnibus
757 1600 1054 1667 pertinentijs
1076 1599 1167 1648 suis
1193 1627 1203 1638 ·
1231 1599 1484 1648 Tenendas
1498 1599 1580 1648 fibi
1601 1609 1651 1649 et
1672 1600 1998 1648 suecessoribus
2011 1600 2102 1648 suis
2118 1600 2177 1649 de
2192 1601 2327 1649 nobis
2344 1612 2391 1650 et

384 1691 714 1742 successoribus
755 1690 922 1738 nostris
961 1689 1012 1737 in
1047 1697 1334 1754 perpetuum
1371 1688 1420 1736 in
1455 1689 1560 1737 vsus
1595 1689 1699 1737 suos
1735 1689 1953 1753 proprios
1989 1698 2130 1753 prout
2165 1689 2214 1737 in
2249 1691 2390 1738 cartis

384 1779 720 1830 venerabilium
776 1777 807 1826 J
811 1776 1007 1825 ohannis
1065 1776 1263 1825 Ricardi
1307 1776 1340 1825 J
1342 1776 1542 1825 ohannis
1589 1777 1811 1842 Hugonis
1865 1777 2238 1842 predecessorum
2286 1780 2390 1827 nos-

385 1879 565 1919 trorum
588 1867 773 1933 plenius
797 1865 971 1914 dicitur
999 1864 1235 1914 contineri
1270 1891 1282 1904 ·
1317 1874 1476 1913 natam
1508 1873 1557 1914 et
1579 1875 1763 1931 gratam
1794 1865 2021 1914 habentes
2054 1843 2143 1931 pro
2171 1867 2306 1916 nobis
2341 1878 2389 1916 et

385 1956 710 2006 successoribus
733 1954 899 2004 nostris
917 1954 1095 2019 quitam
1121 1952 1449 2002 clamationem
1481 1952 1669 2019 [quam]
1705 1963 1801 2001 tam
1838 1953 2115 2002 venerabilis
2150 1955 2387 2019 predictus

385 2072 397 2085 ·
426 2045 476 2092 H
502 2071 514 2084 ·
540 2061 681 2109 quam
713 2041 971 2106 capitulum
1003 2040 1340 2105 Dpunkeldense
1367 2040 1561 2106 prefatis
1594 2041 1755 2090 abbati
1781 2050 1830 2090 et
1857 2042 2114 2090 conuentui
2144 2043 2387 2092 caritatiue

383 2133 595 2181 fecerunt
624 2159 635 2169 -
671 2130 739 2178 Vt
761 2129 848 2178 hee
870 2138 1031 2177 autem
1054 2129 1207 2177 nostra
1233 2129 1456 2177 concefflo
1487 2128 1782 2177 confirmatio
1809 2145 1994 2178 necnon
2028 2139 2076 2178 et
2111 2130 2386 2180 ratihabicio

383 2219 552 2268 futuris
577 2217 870 2283 temporibus
904 2216 1131 2265 inuiolata
1152 2226 1425 2281 permaneat
1451 2216 1562 2265 huie
1585 2216 1755 2280 scripto
1778 2216 1974 2282 figillum
1998 2218 2206 2266 nostrum
2237 2237 2387 2285 appo-

383 2308 559 2358 suimus
584 2334 595 2345 ·
620 2306 838 2355 Testibus
861 2304 1062 2353 dominis
1086 2304 1273 2353 Thoma.
1294 2314 1343 2353 et
1366 2331 1379 2344 ·
1406 2304 1452 2352 R
1477 2331 1489 2343 ·
1515 2303 1763 2369 capellanis
1787 2304 1954 2353 nostris
1980 2333 1991 2344 ·
2015 2306 2230 2371 magistro
2256 2333 2268 2345 ·
2293 2307 2357 2354 W
2374 2336 2384 2345 -

382 2394 602 2445 Johanne
627 2419 638 2433 ·
675 2393 723 2441 R
750 2420 760 2431 ·
793 2391 1050 2441 camerario
1075 2419 1086 2431 ·
1119 2391 1170 2440 H
1197 2420 1209 2430 ·
1237 2391 1416 2440 clericis
1444 2391 1612 2440 nostris
1648 2419 1659 2430 ·
1688 2392 1746 2445 α)
1776 2419 1787 2430 ·
1821 2391 2002 2441 decano
2028 2419 2039 2432 ·
2064 2392 2113 2441 A
2141 2419 2153 2432 ·
2186 2393 2236 2441 H
2267 2420 2277 2431 ·
2304 2394 2350 2442 R
2370 2420 2382 2434 ·

382 2482 616 2532 Willehno
638 2479 945 2530 seruientibus
968 2479 1135 2528 nostris
1157 2489 1206 2528 et
1228 2478 1383 2533 coultis
1407 2478 1508 2543 alijs
1533 2505 1545 2518 ·

386 2728 713 2795 Confirmatio
739 2743 933 2792 Ricardi
957 2742 1158 2807 episcopi
1179 2742 1239 2791 de
1263 2741 1459 2791 Abthen
1483 2742 1542 2790 de
1565 2741 1825 2807 COadirnyn
1850 2769 1861 2779 ·

296 2930 358 2982 79
383 2902 640 2969 Ricardus
663 2919 762 2968 Dei
785 2920 938 2986 gratia
959 2917 1309 2967 Dunkeldenfis
1331 2916 1574 2982 episcopus
1596 2914 1820 2964 vniuerfis
1842 2914 1993 2963 san&
2015 2914 2178 2968 matris
2199 2914 2383 2964 ecclesie

381 3006 489 3071 filijs
521 3006 714 3061 salutem
744 3035 754 3046 ·
795 3007 958 3055 Sciant
990 3006 1225 3071 presentes
1247 3014 1296 3054 et
1318 3003 1470 3053 futuri
1493 3020 1579 3052 nos
1603 3002 1858 3051 eonceffiffe
1881 3012 1929 3051 et
1952 3001 2043 3050 hac
2073 3011 2205 3050 carta
2231 3003 2382 3050 nostra

383 3096 671 3144 confirmasse
694 3095 803 3144 Deo
825 3105 874 3144 et
896 3093 1081 3145 ecclefie
1103 3093 1243 3143 saneti
1265 3092 1497 3142 ,Iohannis
1520 3090 1714 3157 apostoli
1730 3090 1789 3139 de
1808 3089 2081 3155 Inchaffryn
2095 3099 2143 3138 et
2159 3089 2381 3139 fratribus
