2756 3926
1031 375 1136 422 DE
1179 375 1723 425 INCHAFFERY.
2323 379 2383 431 71

371 537 500 578 carta
522 547 629 578 mea
653 529 942 578 confirmasse
965 529 1076 578 Deo
1109 540 1157 579 et
1180 529 1366 579 ecclesie
1388 530 1530 579 san&
1560 530 1593 580 J
1595 529 1793 579 ohannis
1817 529 2010 596 apostoli
2034 539 2081 579 et
2105 530 2387 597 euangeliste

369 618 429 666 de
455 617 733 684 Inchaffryn
757 627 805 667 et
829 618 1066 667 canonicis
1090 618 1268 667 ibidem
1292 618 1402 668 Deo
1425 619 1735 668 seruientibus
1758 628 1806 668 et
1820 618 2056 668 seruitutis
2080 619 2385 670 donationem

368 705 497 754 illam
532 724 675 771 quam
707 723 864 756 comes
898 706 1146 756 Gilbertus
1179 707 1238 755 de
1275 706 1560 774 Stratheryn
1589 708 1655 757 eis
1689 707 2030 757 rationabiliter
2063 707 2173 757 fecit
2201 709 2260 757 de
2288 718 2388 757 tota

368 805 492 844 terra
514 795 573 843 de
599 794 849 860 Ardewny
874 812 959 860 per
982 795 1131 844 rectas
1155 794 1325 842 diuisas
1353 795 1455 842 suas
1478 803 1524 843 et
1550 811 1659 843 cum
1683 794 1901 843 omnibus
1926 793 2062 858 justis
2084 793 2384 859 pertinentijs

365 882 455 929 suis
480 891 528 931 et
552 882 612 931 (16
637 890 738 931 tota
761 890 886 930 terra
909 881 969 931 (16
993 880 1322 947 Achlongsich
1344 898 1431 947 per
1456 881 1603 930 rastas
1635 881 1804 930 diuisas
1835 881 1938 929 suas
1962 889 2011 930 et
2033 898 2141 929 cum
2165 880 2384 930 omnibus

359 969 495 1033 justis
519 970 820 1035 pertinentijs
844 969 935 1018 suis
959 977 1008 1018 et
1031 969 1091 1019 de
1114 978 1216 1018 tota
1239 978 1364 1018 terra
1387 969 1447 1018 (16
1471 967 1718 1017 Duffindir
1739 986 1825 1034 per
1847 969 1994 1017 redtas
2018 968 2186 1017 diuisas
2208 970 2311 1017 suas
2335 977 2384 1017 et

364 1077 474 1107 cum
498 1059 719 1108 omnibus
735 1060 873 1126 justis
896 1058 1198 1125 pertinentijs
1221 1058 1315 1107 suis
1338 1067 1386 1107 et
1409 1057 1469 1106 de
1491 1057 1571 1107 illa
1592 1066 1718 1107 terra
1739 1057 1799 1107 de
1822 1057 2118 1123 maddirdy‘rn
2141 1075 2233 1123 que
2255 1057 2375 1107 anti-

363 1147 523 1211 quitus
558 1146 758 1196 Abthen
802 1146 1060 1196 vocabatur
1092 1163 1180 1212 per
1201 1146 1364 1194 ‘rastas
1404 1144 1574 1194 diuisas
1612 1144 1716 1194 suas
1755 1154 1803 1194 et
1843 1162 1954 1194 cum
1993 1145 2212 1194 omnibus
2245 1145 2382 1209 justis

361 1235 664 1301 pertinentijs
688 1235 780 1283 suis
797 1262 808 1273 ·
826 1234 1109 1284 Tenendam
1131 1234 1181 1282 in
1198 1233 1393 1282 liberam
1417 1250 1586 1299 puram
1607 1241 1656 1282 ct
1677 1242 1957 1299 perpetuam
1979 1232 2274 1282 elemosinam
2297 1250 2383 1299 per

359 1325 507 1372 rectas
547 1323 716 1371 diuisas
756 1323 1074 1388 predictarum
1113 1332 1347 1371 terrarum
1382 1330 1431 1370 et
1469 1338 1579 1370 cum
1618 1321 1839 1370 omnibus
1873 1321 1935 1370 ad
1967 1322 2196 1387 prediaas
2231 1331 2379 1371 terras

353 1411 477 1474 juste
513 1410 858 1476 pertinentibus
889 1409 958 1458 ita
991 1408 1138 1458 libere
1177 1418 1226 1458 et
1266 1408 1426 1474 quiete
1464 1407 1674 1472 plenarie
1713 1417 1761 1457 et
1798 1407 2054 1457 honorifice
2090 1410 2205 1457 ficut
2250 1419 2378 1458 carta

358 1497 553 1563 prediffi
585 1497 769 1545 comitis
795 1496 999 1546 Gilberti
1022 1497 1147 1561 juste
1175 1497 1374 1546 testatur
1403 1524 1414 1535 ·
1445 1495 1513 1544 ita
1535 1505 1697 1544 tamen
1720 1495 1850 1561 quod
1880 1495 2117 1562 predictus
2145 1513 2301 1544 comes
2329 1507 2377 1545 et

358 1585 556 1634 heredes
580 1585 647 1632 sui
670 1584 846 1633 facient
869 1583 987 1632 mihi
1010 1593 1057 1634 et
1079 1583 1332 1633 heredibus
1363 1583 1482 1632 meis
1514 1583 1575 1631 (16
1604 1583 1786 1632 refiduo
1810 1583 1871 1632 de
1901 1582 2198 1649 COaddirnyn
2220 1591 2378 1632 totum

358 1674 604 1724 seruicium
620 1673 747 1738 quod
762 1672 880 1720 mihi
897 1672 1096 1721 debetur
1111 1672 1170 1721 de
1188 1682 1290 1721 toto
1308 1672 1446 1721 feodo
1470 1672 1529 1721 de
1547 1672 1846 1738 COaddirnyn
1867 1699 1877 1711 ·
1906 1672 2124 1720 Testibus
2139 1671 2376 1721 Willelmo

358 1763 571 1828 episcopo
605 1760 879 1826 Glasguenfi
911 1760 1187 1810 cancellario
1215 1779 1322 1810 meo
1352 1788 1364 1800 ·
1402 1760 1624 1826 Philippo
1652 1761 1712 1810 de
1735 1760 1919 1810 Valans
1950 1761 2208 1810 camerario
2231 1778 2337 1810 meo
2364 1790 2373 1800 ·

359 1851 596 1900 Willelmo
629 1849 875 1915 Cummyn
905 1877 918 1889 ·
949 1850 1188 1899 Willelmo
1222 1848 1399 1898 Giffart
1434 1877 1445 1889 ·
1485 1849 1674 1898 Thoma
1701 1850 1761 1898 de
1790 1848 2008 1899 Colluille
2038 1876 2050 1888 ·
2079 1849 2374 1899 Allexandro

364 1939 638 1988 vicecomite
678 1939 737 1988 de
780 1938 1057 2005 Streuyllyn
1091 1967 1102 1977 ·
1142 1938 1351 1987 Ricardo
1380 1939 1440 1987 (16
1473 1938 1676 1988 Camera
1711 1976 1723 1988 .
1759 1938 1998 1987 Herberto
2033 1938 2093 1987 de
2129 1938 2331 1988 Camera
2359 1965 2372 1977 ·

364 2028 530 2076 Dauid
552 2029 611 2076 de
637 2028 764 2076 Haia
782 2054 794 2066 ·
821 2027 1042 2107 Philippo
1066 2028 1125 2076 (16
1149 2027 1360 2094 Lundyn
1380 2054 1392 2067 ·
1419 2027 1607 2076 Thoma
1630 2027 1865 2077 Hostiario
1891 2056 1902 2067 ·
1927 2028 2076 2092 Apud
2096 2026 2371 2093 Streuyllyn

360 2116 526 2182 quinto
550 2116 626 2166 die
649 2116 830 2182 Aprilis
855 2143 867 2155 ·

360 2363 684 2430 Confirmatio
709 2380 910 2447 episcopi
944 2379 1297 2429 Dunkeldenfis
1322 2380 1525 2431 Galfridi
1548 2381 1685 2446 super
1715 2380 1901 2430 ecclesia
1929 2381 1988 2429 de
2021 2381 2284 2448 COadirnyn
2317 2392 2366 2431 et

354 2479 479 2518 terra
501 2470 560 2518 de
583 2469 782 2518 Abthan
806 2469 866 2518 de
889 2468 1185 2535 maddirnyn
1210 2495 1222 2508 ·

269 2644 328 2696 74
354 2627 614 2695 Vniuerfis
644 2647 795 2695 sanc‘Doe
818 2645 979 2701 matris
1011 2645 1198 2695 ecclesie
1229 2645 1337 2711 filijs
1367 2646 1556 2711 presens
1583 2644 1807 2709 scriptum
1842 2645 2000 2693 visuris
2028 2645 2102 2695 vel
2128 2646 2358 2695 audituris

355 2732 598 2783 Galfridus
632 2734 797 2782 diuina
828 2733 1122 2800 permiffione
1156 2733 1510 2783 Dunkeldenfis
1545 2733 1787 2799 episcopus
1821 2742 2033 2782 eternam
2072 2734 2124 2782 in
2164 2735 2358 2783 domino

352 2821 548 2871 salutem
574 2850 585 2860 ·
613 2822 859 2871 Noueritis
892 2840 977 2871 nos
1001 2823 1062 2870 ad
1085 2822 1281 2888 plenum
1305 2822 1546 2888 inspexiffe
1568 2822 1691 2870 bone
1713 2822 1940 2871 memorie
1964 2822 2194 2871 Johannis
2216 2823 2354 2887 primi

355 2910 549 2959 Ricardi
585 2910 817 2959 Johannis
854 2911 1046 2959 secundi
1085 2910 1307 2976 Hugonis
1346 2920 1394 2959 et
1436 2909 1642 2959 Gilberti
1681 2910 2053 2975 predecessorum
2093 2912 2352 2959 nostrorum

353 2998 675 3063 episcoporum
709 2997 880 3046 scilicet
920 2997 1334 3047 Dunkeldenfium
1369 2998 1648 3046 donationes
1682 2999 1988 3046 conceffiones
2022 3007 2070 3046 et
2110 2999 2352 3046 confirma-

354 3084 504 3133 tiones
526 3085 798 3138 ‹oonasterio
830 3085 890 3133 (16
923 3084 1199 3151 Inchaffryn
1222 3085 1350 3150 quod
1383 3084 1540 3133 Insula
1570 3085 1814 3138 COiffarum
1840 3084 2013 3133 dicitur
2043 3093 2091 3132 et
2118 3083 2351 3133 canonicis
