2808 3926
411 360 467 402 liv
1260 361 1618 403 APPENDIX.

413 506 516 568 ejus
538 503 676 564 filius,
701 504 780 569 qui
803 504 1070 569 gavisusest
1094 502 1393 552 comitatibus
1419 502 1660 552 Orchadie
1683 512 1736 552 et>
1756 503 1967 553 Cathnes
1989 505 2040 558 in
2065 505 2231 555 Scocia
2266 534 2278 545 ·
2317 506 2416 564 Qui

413 590 607 655 quidem
640 590 884 640 Gilbertus
918 589 1147 638 secundus
1171 589 1431 654 procreavit
1454 589 1692 655 Magnum
1715 590 1910 639 tertium
1933 600 1981 640 et
2005 593 2242 657 quandam
2273 592 2416 642 filiam

414 677 667 725 Matildam
691 676 880 725 nomine
900 703 911 715 ·
938 676 1036 726 Iste'
1054 675 1226 725 Comes
1250 675 1460 741 Magnus
1482 676 1606 725 filius
1631 676 1840 727 Gilberti
1861 678 2052 727 secundi
2073 680 2240 744 genuit
2260 679 2416 729 Comi-

413 773 510 812 tem
550 763 786 829 Magnum
827 772 1049 827 quartum
1093 771 1144 811 et
1183 762 1420 827 quendam
1455 763 1754 823 Johannem.;
1791 774 1840 814 et
1879 764 1956 817 ille
1991 765 2204 831 Magnus
2246 766 2417 815 Comes

412 859 606 914 quartus
636 851 695 898 ab
718 850 807 898 hac
840 849 944 898 luce
978 849 1092 898 abiit
1126 850 1219 898 fine
1252 849 1414 914 prole3
1455 850 1532 899 cui
1555 851 1758 900 succeffit
1789 851 2030 901 ,Iohannes
2062 853 2165 920 ejus
2201 852 2346 902 frater
2368 853 2418 900 in

414 937 659 986 antedictis
677 936 976 986 comitatibus
1001 937 1237 986 Orchadie
1261 946 1309 986 et
1334 938 1545 987 Cathnes
1569 965 1580 977 ·
1605 939 1637 988 J
1640 938 1849 989 ohannes
1879 941 1962 989 iste
1995 941 2160 1006 genuit
2183 940 2418 1005 quendam

413 1024 649 1090 magnum
685 1024 923 1074 Comitem
958 1028 1176 1090 quintum
1213 1052 1224 1064 ·
1264 1025 1359 1074 Oui
1392 1027 1574 1091 COagno
1606 1027 1773 1092 quinto
1799 1029 1908 1093 jure
1942 1027 2228 1077 successionis
2269 1027 2419 1077 linea—

411 1111 519 1160 liter
549 1113 752 1161 succeffit
788 1112 1006 1162 dominus
1043 1112 1252 1167 malifius
1289 1128 1445 1162 comes
1477 1114 1537 1163 de
1579 1115 1858 1165 Stratherne
1897 1116 1946 1164 in
1990 1115 2157 1166 Scocia
2193 1126 2419 1181 tanquam

412 1199 549 1248 heres
571 1199 830 1265 legittimus
848 1202 955 1265 jure
977 1200 1260 1250 hereditario
1283 1202 1344 1250 ad
1366 1203 1583 1267 utrosque
1607 1203 1857 1252 comitatus
1883 1203 2121 1253 Orchadie
2143 1214 2191 1253 et
2210 1203 2420 1253 Cathnes

413 1288 528 1336 ficut
563 1287 800 1338 clariffime
835 1288 1132 1338 manifestant
1165 1290 1460 1339 munimenta
1481 1290 1726 1344 euidencie
1757 1300 1804 1340 et
1835 1301 1962 1340 carte
1985 1301 2293 1356 utrorumque
2316 1308 2419 1355 reg-

415 1392 585 1424 norum
611 1375 775 1425 Scocie
803 1385 851 1426 et
877 1376 1134 1442 Norwegie
1169 1378 1544 1427 confirmacionis
1580 1377 1776 1443 desuper
1810 1378 2020 1428 confecte
2055 1407 2065 1418 -
2104 1379 2204 1436 Qui
2227 1379 2420 1442 quidem

417 1462 589 1512 Comes
623 1463 834 1512 Malifius
872 1481 1034 1513 revera
1072 1464 1224 1528 primo
1266 1465 1553 1529 desponsavit
1588 1465 1734 1514 filiam
1769 1466 1969 1515 Comitis
2009 1467 2070 1515 de
2104 1466 2331 1515 Menteth
2369 1466 2419 1513 in

418 1549 584 1599 Scocia
606 1560 735 1600 etex
759 1567 817 1600 ea
836 1551 1001 1617 genuit
1037 1550 1182 1599 filiam
1216 1551 1468 1602 Matildam
1493 1553 1711 1612 nomine3
1751 1554 1854 1619 post
1876 1555 2014 1619 cujus
2046 1553 2236 1619 quidem
2270 1553 2422 1619 prime

415 1636 578 1686 uxoris
612 1638 794 1687 obitum
828 1638 1121 1705 desponsavit
1148 1637 1291 1687 filiam
1326 1640 1563 1704 quandam
1598 1641 1837 1705 quondam
1867 1641 2090 1707 Hugonis
2124 1641 2324 1690 Comitis
2361 1642 2420 1689 de

417 1726 537 1775 Rofl‘
565 1737 613 1776 et
641 1744 701 1776 ex
729 1745 785 1776 ea
806 1726 1068 1792 procreavit
1091 1736 1294 1792 quatuor
1315 1727 1433 1777 filias
1456 1737 1504 1777 et
1527 1728 1714 1777 deceffit
1736 1729 1830 1781 fine
1855 1728 2095 1778 masculis:
2136 1729 2289 1793 sicque
2319 1728 2419 1793 ejus

416 1814 623 1863 dominia
645 1823 768 1864 terre
802 1824 851 1864 et
883 1815 1173 1881 poffeffiones
1196 1814 1390 1864 fuerunt
1413 1815 1562 1869 divise
1577 1816 1701 1865 inter
1722 1815 1824 1866 illas
1849 1845 1860 1855 ·
1884 1815 2057 1865 Filiam
2078 1834 2189 1865 vero
2213 1815 2421 1880 antiqui-

415 1919 545 1950 orem
568 1919 631 1951 ex-
649 1902 802 1968 prima
823 1919 969 1951 uxore
991 1911 1282 1968 procreatam
1305 1902 1563 1955 Matildam
1584 1903 1753 1953 scilicet
1777 1904 1913 1954 duxit
1935 1904 1984 1952 in
2007 1921 2204 1953 uxorem
2226 1903 2421 1952 WVelan-

416 1990 504 2038 dus
528 1990 587 2039 de
610 1989 731 2051 Ard,
757 1990 836 2056 qui
859 2008 921 2040 ex
942 2008 999 2039 ea
1020 1990 1282 2057 procreavit
1304 1991 1541 2056 quendam
1563 1991 1712 2041 filium
1736 1991 2062 2042 Alexandrum
2087 1992 2146 2041 de
2169 1992 2304 2051 Ard3
2342 1987 2424 2057 qui

397 2079 690 2128 *Alexander
717 2080 828 2145 jure
858 2080 994 2145 regni
1029 2078 1194 2128 Scocie
1228 2088 1276 2129 et
1311 2080 1647 2129 consuetudine
1689 2080 1974 2130 hereditarie
2004 2081 2206 2130 succeflit
2244 2080 2422 2130 Comiti

416 2167 601 2217 Malifio
636 2168 695 2216 de
731 2167 983 2217 Strathern
1019 2167 1068 2215 in
1100 2167 1347 2234 principali
1379 2168 1590 2217 manerio
1623 2170 1714 2218 five
1748 2169 1907 2220 manso
1941 2169 2121 2218 ratione
2152 2169 2229 2218 sue
2260 2169 2422 2217 matris

419 2249 685 2306 Comitatus
707 2257 766 2305 de
792 2256 1026 2306 Cathania
1056 2265 1103 2305 et
1126 2256 1380 2321 poffidebat
1406 2258 1516 2324 jure
1542 2266 1591 2307 et
1622 2257 1940 2323 appellacione
1965 2257 2164 2307 Comitis
2188 2265 2236 2306 et
2257 2257 2423 2305 eadem

417 2345 598 2395 ratione
630 2345 877 2394 et-eodem
900 2346 1010 2411 jure
1045 2345 1228 2411 gavisus
1260 2346 1326 2394 est
1358 2353 1486 2396 certa
1516 2347 1751 2412 perticata
1777 2347 1866 2397 sive
1898 2346 2160 2411 quantitate
2190 2354 2421 2394 terrarum

420 2433 657 2483 Orchadie
674 2443 722 2483 et
739 2435 930 2500 gerebat
947 2435 991 2483 se
1009 2451 1095 2500 pro
1117 2433 1285 2483 ballivo
1304 2443 1352 2484 et
1370 2434 1614 2499 capitaneo
1636 2433 1791 2499 gentis
1811 2433 2027 2493 Orcaffie,
2048 2432 2303 2498 Norvvegie
2321 2431 2422 2480 Re-

418 2523 489 2589 gis
513 2540 572 2572 ex
594 2532 730 2589 parte
750 2539 763 2572 :
797 2522 1017 2588 idemque
1040 2522 1317 2572 Alexander
1341 2522 1400 2570 de
1426 2522 1534 2570 Ard
1560 2529 1772 2587 tempore
1787 2522 1875 2570 suo
1896 2521 2108 2570 vendidit
2131 2529 2179 2569 et
2202 2520 2420 2568 alienavit

419 2612 658 2677 quondam
701 2611 947 2660 recolende
985 2611 1209 2661 memorie
1254 2610 1446 2659 domi'no
1483 2610 1694 2658 Roberto
1733 2608 1936 2659 Stevvart
1980 2609 2133 2675 primo
2171 2608 2418 2657 Scotorum

421 2700 544 2766 Regi
572 2700 748 2749 dictum
772 2699 1067 2750 Comitatum
1098 2699 1158 2748 de
1194 2699 1404 2749 Gathnes
1431 2699 1644 2747 mansum
1675 2699 1765 2747 five
1797 2697 2070 2747 manerium*
2087 2697 2342 2764 principale
2374 2698 2420 2746 et

420 2789 578 2838 omnia
605 2788 696 2838 alia
722 2790 833 2854 jura
859 2788 1111 2854 spectantia
1140 2788 1220 2838 seu
1250 2787 1580 2837 concernentia
1607 2786 1669 2836 ad
1694 2787 1740 2835 se
1773 2786 1956 2835 ratione
1987 2786 2148 2835 matris
2183 2787 2282 2852 ejus
2314 2795 2420 2834 tan-

420 2895 561 2944 quam
583 2877 645 2926 ad
666 2877 980 2941 antiquiorem
1002 2877 1206 2926 sororem
1222 2878 1331 2941 jure
1354 2886 1402 2926 et
1426 2874 1762 2926 consuetudine
1783 2875 1919 2941 regni
1939 2874 2116 2935 Scocie,
2141 2892 2249 2923 cum
2273 2875 2421 2923 deno-

419 2966 684 3015 minacione
724 2965 974 3014 comitatus
1002 2966 1092 3014 five
1129 2965 1331 3015 Comitis
1367 2992 1380 3005 ·
1423 2965 1516 3014 Iste
1550 2966 1661 3013 ve'ro
1694 2963 1972 3013 Alexander
2002 2962 2205 3012 finaliter
2239 2963 2423 3012 deceflit

419 3057 512 3104 fine
546 3054 721 3104 herede
755 3054 814 3104 de
844 3054 924 3103 suo
958 3071 1151 3121 corpore
1183 3055 1467 3120 quocunque
1491 3053 1730 3119 legittimo·
1751 3050 1996 3120 procreato
2023 3081 2034 3092 ·
2071 3051 2273 3101 NUNC
2308 3068 2422 3100 vero
