2808 3926
1067 369 1171 417 DE
1215 368 1748 420 INCHAFFERY.
2350 375 2410 420 13

406 594 498 661 De
521 611 738 663 libertate
762 613 952 663 tollenei
980 643 990 652 ·

344 792 374 838 9
400 770 691 839 Alexander
704 787 801 838 Dei
818 789 969 856 gratia
985 790 1093 838 Rex
1109 789 1381 839 Scottorum
1400 789 1619 838 omnibus
1642 790 1801 856 probis
1820 789 2090 840 hominibus
2114 790 2259 838 totius
2283 799 2406 839 terre

398 879 477 926 sue
507 877 712 928 salutem·
738 879 908 928 Sciatis
932 896 1007 928 me
1031 878 1286 928 conceffifl‘e
1309 878 1545 928 canonicis
1568 878 1627 927 de
1653 878 1927 946 Inchaffryn
1949 888 2000 928 vt
2024 879 2169 945 quieti
2202 880 2290 928 fint
2321 896 2408 945 per

399 975 548 1015 totam
583 976 757 1017 terram
792 985 950 1018 meam
980 967 1040 1016 de
1064 966 1326 1017 Tholleneo
1361 977 1408 1016 et
1442 967 1777 1016 consuetudine
1811 968 1871 1016 de
1905 968 1994 1017 hiis
2029 986 2121 1034 que
2156 977 2314 1018 ement
2346 968 2410 1017 ad

396 1055 503 1104 usus
527 1074 689 1105 eorum
711 1056 925 1123 proprios
968 1084 979 1095 ·
1022 1055 1185 1113 Quare
1219 1055 1446 1121 prohibeo
1479 1056 1679 1105 firmiter
1713 1074 1773 1105 ne
1808 1057 1912 1122 quis
1939 1075 2019 1106 eos
2045 1058 2215 1123 injuste
2237 1075 2408 1107 vexare

395 1145 634 1211 presumat
657 1145 891 1212 exigendo
913 1144 973 1193 de
997 1144 1063 1193 eis
1086 1143 1332 1193 toHenium
1354 1143 1429 1193 vel
1452 1144 1836 1194 consuetudinem
1859 1145 2064 1211 aliquam
2099 1147 2158 1196 de
2191 1146 2281 1195 hiis
2315 1165 2406 1212 que

395 1240 555 1281 ement
577 1232 639 1281 ad
661 1233 765 1281 vsus
790 1249 953 1282 eorum
976 1231 1192 1298 proprios
1215 1231 1353 1298 super
1374 1249 1531 1281 meam
1553 1232 1875 1282 defencionem
1902 1260 1913 1270 ·
1932 1233 2151 1282 Testibus
2167 1234 2405 1284 Willelmo

396 1320 455 1368 de
479 1319 661 1369 Boscho
695 1319 970 1369 cancellario
1004 1337 1111 1368 meo
1150 1345 1162 1358 ·
1199 1319 1370 1368 comite
1401 1319 1659 1374 malcolmo
1695 1321 1754 1369 de
1783 1321 1892 1387 ffyff
1922 1347 1933 1358 ·
1969 1322 2098 1387 apud
2132 1321 2405 1388 Streuyllyn

395 1409 578 1458 decimo
601 1408 678 1458 die
701 1408 868 1463 COartii
894 1437 906 1447 ·

399 1653 560 1721 Carta
582 1672 641 1721 de
664 1689 761 1721 una
784 1671 942 1722 celdra
964 1671 1112 1721 farine
1136 1672 1197 1721 de
1222 1671 1627 1722 Ouchtirmachan
1653 1699 1665 1712 ·

308 1834 368 1880 10
398 1832 655 1900 Omnibus
688 1849 780 1900 hoc
806 1850 1031 1916 scriptum
1054 1850 1216 1899 visuris
1238 1849 1312 1899 vel
1335 1850 1567 1899 audituris
1591 1850 1840 1917 Fergufius
1872 1850 1997 1900 filius
2022 1851 2227 1902 Gilberti
2251 1870 2401 1918 quon-

392 1940 502 1987 dam
526 1939 709 1990 comitis
733 1939 792 1988 de
819 1939 1102 2006 Stratheryn
1125 1938 1320 1989 salutem
1343 1940 1392 1987 in
1415 1940 1630 1989 Domino
1667 1966 1679 1979 ·
1721 1939 1927 1989 Nouerit
1954 1940 2226 1990 vniuerfitas
2256 1942 2406 1990 vestra

391 2047 469 2077 me
493 2028 666 2078 dediffe
690 2029 947 2078 conceffiffe
971 2038 1018 2078 et
1040 2028 1130 2078 hac
1153 2029 1357 2095 presenti
1381 2038 1510 2078 carta
1532 2046 1638 2078 mea
1659 2030 1946 2079 confirmasse
1969 2031 2029 2079 de
2052 2048 2129 2080 me
2152 2041 2199 2080 et
2221 2030 2407 2081 heredi-

390 2118 479 2166 bus
502 2117 620 2166 meis
643 2117 752 2166 Deo
776 2126 825 2166 et
847 2117 999 2166 sancto
1023 2116 1233 2166 Johanni
1254 2116 1484 2182 Apostolo
1508 2126 1556 2166 et
1579 2117 1882 2183 Euangeliste
1904 2118 1964 2167 de
1990 2118 2147 2168 Insula
2168 2119 2405 2168 missarum

390 2215 438 2255 et
461 2205 643 2255 Abbati
678 2215 726 2255 et
761 2205 995 2254 canonicis
1026 2205 1203 2255 ibidem
1229 2205 1339 2255 Deo
1367 2206 1676 2255 seruientibus
1706 2216 1754 2256 et
1783 2207 2022 2256 seruituris
2045 2207 2095 2255 in
2117 2218 2403 2274 perpetuum

389 2312 535 2343 unam
570 2293 774 2344 celdram
808 2295 957 2344 farine
981 2312 1132 2343 auene
1167 2295 1216 2342 in
1245 2294 1356 2344 villa
1378 2295 1438 2344 de
1461 2295 1844 2344 Ouchtirmakan
1877 2296 1960 2344 fibi
1994 2305 2042 2345 et
2075 2297 2402 2346 successoribus

387 2383 479 2432 suis
509 2383 559 2432 in
586 2393 871 2450 perpetuum
894 2384 954 2432 de
977 2401 1054 2432 me
1078 2393 1126 2432 et
1148 2383 1402 2433 heredibus
1424 2384 1541 2433 meis
1564 2402 1651 2450 per
1673 2402 1840 2432 manus
1863 2385 2055 2433 firmarii
2078 2386 2171 2434 mei
2195 2386 2400 2451 ejusdem

387 2473 493 2523 ville
517 2473 763 2523 annuatim
786 2473 1140 2539 percipiendam
1163 2491 1249 2540 pro
1267 2473 1411 2523 salute
1429 2473 1584 2522 anime
1601 2491 1706 2522 mee
1723 2473 1981 2522 amicorum
2000 2483 2048 2523 et
2065 2475 2400 2524 antecessorum

387 2580 601 2612 meorum
634 2591 643 2602 ·
681 2572 730 2612 et
751 2563 814 2612 ad
834 2563 1128 2612 securitatem
1152 2562 1392 2612 solutionis
1415 2562 1536 2611 didte
1559 2561 1706 2610 farine
1731 2562 1869 2610 dictis
1891 2563 2051 2611 abbati
2073 2572 2121 2612 et
2146 2563 2400 2614 Canonicis

387 2651 448 2699 ad
469 2650 638 2699 festum
660 2649 801 2699 sancti
824 2650 856 2699 J
858 2650 1056 2699 ohannis
1075 2650 1285 2716 Baptiste
1309 2651 1358 2698 in
1382 2651 1524 2699 estate
1546 2651 1640 2698 fine
1664 2643 1822 2714 aliqua
1843 2649 2132 2700 cauelatione
2155 2651 2398 2700 annuatim

386 2737 650 2787 faciendam
672 2756 749 2788 me
777 2748 825 2788 et
851 2738 1048 2788 heredes
1071 2756 1201 2787 meos
1225 2738 1382 2804 obligo
1405 2738 1756 2805 imperpetuum
1796 2766 1806 2777 ·
1848 2739 1907 2787 In
1935 2738 2076 2803 hujus
2099 2740 2166 2788 rei
2190 2740 2398 2789 testimo—

387 2826 519 2875 nium
532 2827 730 2893 figillum
746 2845 907 2877 meum
920 2845 1014 2876 vna
1030 2844 1137 2876 cum
1155 2826 1300 2893 flgillo
1317 2826 1595 2876 venerabilis
1610 2827 1758 2893 patris
1779 2855 1789 2867 ·
1810 2827 1851 2878 C
1871 2856 1881 2867 ·
1899 2826 2245 2877 Dunblanenfis
2260 2829 2398 2896 Epis-

388 2916 494 2982 copi
527 2926 575 2966 et
610 2917 790 2966 domini
813 2919 871 2972 α)
898 2946 908 2956 -
945 2917 1129 2967 comitis
1152 2917 1211 2966 de
1238 2916 1523 2983 Stratheryn
1553 2916 1664 2966 huic
1694 2917 1863 2983 scripto
1897 2917 2074 2984 apponi
2107 2919 2355 2982 procuraui
2381 2945 2394 2958 ·

390 3003 498 3054 Hiis
514 3006 706 3056 testibus
726 3006 767 3057 C
788 3034 800 3047 ·
817 3007 893 3056 dei
906 3007 1060 3073 gratia
1082 3007 1315 3074 Episcopo
1338 3005 1645 3056 dunblanenfi
1672 3032 1683 3044 ·
1709 3007 1766 3059 α)
1786 3032 1798 3045 ·
1822 3005 2010 3055 Comite
2029 3007 2088 3055 de
2109 3006 2394 3073 Stratheryn
