2808 3926
449 361 509 405 12
1210 353 1687 404 REGISTRUM

446 520 493 559 et
529 510 579 558 in
614 519 897 576 perpetuum
929 508 1168 557 seruitutis
1203 515 1353 556 totam
1388 507 1621 556 decimam
1654 507 1868 556 redditus
1903 508 2046 556 nostri
2076 508 2136 556 de
2168 508 2447 557 Ouchtirar-

445 599 594 647 douer
617 598 895 647 Tenendam
928 596 1098 645 eisdem
1130 594 1366 643 canonicis
1394 594 1444 642 in
1473 594 1671 643 liberam
1703 612 1872 660 puram
1900 604 1948 644 et
1977 605 2255 661 perpetuam
2280 595 2447 644 'elimo-

445 688 590 734 finam
624 685 976 751 percipiendam
1010 682 1200 749 fingulis
1237 683 1372 730 annis
1407 699 1494 748 per
1530 699 1700 731 manus
1737 683 2054 731 firmariorum
2090 692 2137 731 et
2167 682 2448 732 balliuorum

446 775 707 823 nostrorum
735 774 793 821 de
823 771 1194 821 Ouchtirardore
1223 798 1235 810 ο
1272 771 1490 820 Testibus
1519 771 1707 820 Thoma
1737 772 1797 820 de
1829 770 2102 838 Streuyllyn
2131 771 2407 821 cancellario
2435 798 2451 813 ·

450 864 660 913 Henrico
699 863 759 911 de
796 861 980 929 Bayllol
1017 861 1274 911 camerario
1317 889 1327 900 ·
1364 862 1577 910 Roberto
1615 861 1855 928 capellano
1897 889 1908 900 ·
1951 860 2162 910 Waltero
2201 862 2395 927 Cumyn
2438 900 2449 912 .

447 951 666 1000 Johanne
706 950 766 999 de
802 950 947 1016 Haya
995 976 1007 988 ·
1059 948 1316 998 Willielmo
1363 949 1422 998 de
1463 949 1750 1003 coontfichet
1797 976 1809 989 ·
1857 948 2115 998 Willielmo
2155 949 2214 998 de
2254 948 2388 997 Brun
2436 975 2448 988 ·

449 1039 659 1087 Waltero
682 1038 845 1105 Bysett
870 1066 881 1078 ·
918 1037 1068 1086 Adud
1093 1036 1253 1103 Cluny
1278 1037 1418 1086 tertio
1443 1037 1627 1087 decimo
1653 1037 1729 1086 die
1753 1037 1959 1103 Augusti
1983 1036 2129 1086 Anno
2152 1037 2286 1103 regni
2308 1038 2451 1086 nostri

447 1127 697 1177 vndecimo
725 1154 736 1167 ·

451 1384 546 1449 De
569 1401 771 1455 COarefio
797 1428 808 1440 ·

392 1587 422 1632 8
447 1559 708 1626 Vniuerfis
740 1578 895 1628 sancte
926 1577 1087 1631 matris
1121 1577 1309 1626 ecclefie
1341 1575 1451 1624 filiis
1488 1585 1535 1625 et
1565 1575 1787 1625 fidelibus
1817 1577 2005 1642 presens
2035 1577 2259 1643 scriptum
2292 1577 2451 1626 visuris

446 1664 519 1714 vel
551 1665 783 1714 audituris
813 1664 1060 1715 Grilbertus
1092 1682 1252 1714 comes
1275 1665 1335 1714 de
1362 1664 1648 1730 StratherYn
1676 1674 1887 1713 eternam
1909 1665 1962 1713 in
1985 1665 2198 1714 Domino
2220 1664 2414 1714 salutem
2441 1693 2450 1703 ·

450 1753 657 1802 Nouerit
686 1753 962 1802 vniuerfitas
986 1753 1138 1802 vestra
1167 1770 1245 1801 me
1277 1752 1450 1801 dediffe
1481 1762 1529 1801 et
1559 1752 1818 1801 conceffifl’e
1847 1762 1896 1801 et
1925 1752 2014 1802 hac
2045 1763 2175 1802 carta
2201 1771 2309 1802 mea
2338 1771 2452 1802 con-

449 1843 648 1892 firmafl'e
670 1841 781 1890 Deo
810 1851 857 1890 et
888 1841 1059 1890 Sancie
1087 1840 1244 1893 coarie
1272 1850 1320 1890 et
1342 1842 1483 1891 beato
1507 1841 1719 1890 Johanni
1746 1841 1806 1890 de
1835 1840 2111 1909 Inchaffryn
2139 1851 2187 1892 et
2216 1841 2453 1891 canonicis

449 1931 626 1980 ibidem
634 1931 744 1980 Deo
762 1931 1072 1980 seruientibus
1091 1940 1139 1979 et
1156 1930 1394 1980 seruituris
1409 1938 1598 1979 tantum
1615 1930 1833 1985 ‹narresie
1851 1931 2113 1997 adjacentis
2126 1932 2455 1997 prenominate

449 2019 600 2069 insule
627 2020 679 2068 in
706 2038 817 2086 cyro
841 2020 900 2068 de
931 2019 1104 2068 Fowlis
1129 2028 1363 2085 quantum
1385 2018 1613 2068 vallatum
1644 2019 1878 2068 eratfofl'a.
1905 2019 2071 2069 eodem
2100 2038 2224 2069 anno
2247 2039 2340 2086 quo
2368 2021 2455 2070 hec

450 2120 578 2159 carta
612 2111 862 2176 compofita
894 2110 984 2158 fuit
1015 2109 1190 2158 scilicet
1221 2127 1345 2157 anno
1376 2109 1435 2157 ab
1470 2108 1794 2158 incarnatione
1828 2109 2008 2158 domini
2041 2108 2276 2164 ‹oillefimo
2311 2116 2415 2159 ccm⁰
2442 2137 2454 2150 ·

451 2206 502 2247 x⁰
524 2199 626 2266 viij⁰
658 2226 669 2239 ·
707 2199 992 2248 Tenendum
1019 2199 1102 2246 fibi
1130 2208 1178 2247 et
1204 2198 1532 2247 succefforibus
1562 2197 1654 2245 suis
1682 2197 1742 2246 de
1771 2214 1849 2246 me
1883 2208 1931 2246 et
1964 2197 2218 2247 heredibus
2252 2199 2369 2267 meis
2403 2199 2454 2246 in

451 2306 621 2354 puram
655 2298 703 2337 et
741 2297 1022 2354 perpetuam
1059 2287 1355 2336 elemofinam
1387 2286 1533 2335 libere
1573 2286 1730 2352 quiete
1770 2285 1977 2351 plenarie
2017 2296 2064 2335 et
2104 2286 2359 2336 honorifice
2395 2289 2454 2336 ab

455 2377 587 2426 omni
615 2376 808 2426 seculari
834 2377 1027 2425 seruicio
1059 2386 1106 2425 et
1134 2376 1387 2425 exaccione
1425 2404 1435 2414 ·
1472 2375 1691 2423 Testibus
1725 2373 1815 2422 hiis
1849 2374 2094 2423 Abbraam
2128 2375 2455 2426 Dunblanenfi

456 2466 677 2531 episcopo
702 2491 714 2503 ·
745 2465 957 2530 Roberto
990 2465 1212 2530 Fergufio
1240 2463 1423 2519 COalifio
1449 2463 1666 2513 Gilberto
1688 2462 1799 2528 filijs
1822 2463 1944 2512 meis
1969 2492 1980 2502 ·
2009 2463 2192 2518 COalifio
2215 2464 2455 2513 senescallo

455 2572 561 2603 meo
597 2579 609 2592 ·
647 2553 805 2602 Bricio
832 2553 1028 2617 persona
1061 2553 1120 2602 de
1150 2552 1269 2602 Cref
1294 2533 1306 2591 ζ
1340 2552 1580 2600 Duncano
1603 2550 1700 2599 filio
1725 2550 1904 2616 Coalisij
1933 2578 1944 2590 ·
1977 2552 2188 2601 Henrico
2212 2552 2455 2602 Rennario

454 2661 561 2692 meo
589 2670 599 2681 ·
624 2626 865 2690 Willelmo
888 2640 1056 2690 clerico
1081 2658 1185 2690 meo
1211 2667 1222 2679 ·
1249 2640 1477 2689 Tristram
1500 2639 1596 2688 filio
1621 2639 1849 2688 Tristram
1873 2648 1920 2688 et
1943 2639 2104 2689 multis
2128 2640 2228 2689 aliis
2254 2669 2265 2680 ·
