2808 3926
1245 401 1607 443 APPENDIX.
2375 404 2432 445 xli

432 539 563 589 navit
584 549 633 589 et
661 556 748 607 pro
770 541 815 591 se
846 551 895 590 et
922 540 1174 592 heredibus
1199 542 1291 592 suis
1321 544 1514 593 omnino
1545 544 1750 610 quietam
1779 544 1999 594 clamauit
2034 545 2381 612 imperpetuum
2419 573 2431 586 ·

431 627 712 678 Tenendam
751 638 801 679 et
834 629 1101 679 habendam
1135 631 1317 697 prefato
1352 631 1590 681 Willelmo
1623 642 1673 682 et
1706 631 1960 682 heredibus
1994 632 2084 682 suis
2117 633 2179 683 de
2213 634 2350 682 nobis
2384 644 2432 683 et

427 714 678 765 heredibus
710 717 875 766 nostris
904 718 956 765 in
984 717 1122 767 feodo
1152 728 1202 767 et
1231 718 1494 768 hereditate
1524 737 1610 785 per
1637 737 1800 769 omnes
1826 721 1974 769 rectas
2001 730 2151 769 metas
2187 731 2236 770 et
2266 721 2431 769 divisas

429 803 532 851 suas
568 804 687 853 adeo
724 804 869 853 libere
906 805 1065 870 quiete
1102 805 1309 871 plenarie
1345 814 1395 855 et
1431 806 1687 856 honorifice
1728 825 1836 856 cum
1876 807 2096 856 omnibus
2135 807 2431 857 libertatibus

430 891 843 940 commoditatibus
872 892 1154 941 aifiamentis
1185 902 1232 942 et
1256 894 1400 959 justis
1427 893 1732 959 pertinenciis
1757 895 1849 943 suis
1880 896 1996 944 ficut
2026 895 2207 961 prefata
2238 896 2431 945 domina

430 978 544 1026 Ada
566 979 739 1027 dictam
762 989 936 1028 terram
960 980 1020 1029 (16
1044 980 1306 1047 Tulibardy
1328 998 1438 1030 cum
1460 981 1760 1047 pertinenciis
1783 981 1975 1031 liberius
1998 983 2210 1048 quiecius
2245 983 2429 1049 plenius

428 1074 476 1113 et
499 1065 887 1116 honorificencius
910 1066 1068 1132 aliquo
1092 1076 1304 1133 tempore
1327 1068 1481 1117 tenuit
1498 1078 1547 1118 et
1569 1069 1768 1135 pofl'edit
1791 1096 1804 1109 ·
1827 1070 2064 1120 Faciendo
2086 1071 2197 1121 inde
2219 1072 2428 1138 prefatus

428 1151 692 1202 Willelmus
716 1163 764 1203 et
786 1153 983 1203 heredes
1006 1154 1073 1203 sui
1094 1154 1373 1203 forinsecum
1394 1155 1640 1204 seruicium
1655 1157 1848 1221 'regium
1871 1168 1919 1207 et
1942 1159 2079 1207 nobis
2102 1169 2152 1208 et
2173 1159 2428 1209 heredibus

427 1240 591 1288 nostris
614 1240 805 1290 seruicia
827 1241 987 1290 debita
1008 1250 1057 1290 et
1079 1242 1298 1291 consueta
1319 1252 1550 1307 quantum
1572 1244 1635 1292 ad
1657 1244 1858 1294 eandem
1888 1254 2063 1294 terram
2094 1247 2300 1312 pertinet
2325 1274 2337 1286 ·
2361 1249 2430 1296 ita

426 1337 585 1376 tamen
610 1329 738 1392 quod
762 1346 850 1378 nec
875 1345 961 1377 nos
984 1338 1068 1378 aut
1090 1328 1288 1378 heredes
1311 1330 1461 1378 nostri
1483 1331 1743 1396 predi&am
1766 1341 1940 1381 terram
1963 1334 2023 1382 de
2039 1333 2300 1401 Tulibardy
2320 1353 2428 1384 cum

424 1414 726 1480 pertinenciis
749 1415 945 1465 ulterius
968 1426 1213 1465 teneamur
1235 1418 1542 1467 warantizare
1560 1418 1635 1468 vel
1651 1420 1975 1485 cujuscunque
1992 1420 2182 1471 alterius
2199 1422 2427 1472 actionem

424 1511 607 1551 rectum
637 1502 711 1551 vel
739 1503 971 1553 clameum
1003 1504 1254 1553 defendere
1286 1505 1367 1553 nifi
1399 1515 1586 1555 tantum
1618 1525 1704 1573 pro
1733 1507 1911 1558 clameo
1943 1518 2105 1558 nostro
2128 1518 2178 1560 et
2197 1510 2429 1560 heredum

425 1591 688 1639 nostrorum
712 1617 724 1630 ·
752 1591 812 1640 In
842 1592 976 1641 cuius
1010 1593 1079 1641 rei
1109 1593 1425 1642 testimonium
1448 1595 1650 1658 presenti
1677 1606 1804 1645 carte
1827 1597 1980 1646 nostre
2003 1596 2200 1663 sigillum
2223 1599 2429 1647 nostrum

422 1677 617 1727 fecimus
641 1679 816 1745 apponi
840 1706 852 1718 ·
880 1680 988 1737 Hiis
1007 1680 1200 1729 testibus
1226 1709 1237 1719 ·
1261 1682 1516 1731 venerabili
1538 1683 1587 1731 in
1606 1683 1796 1734 Christo
1819 1695 1953 1751 patre
1976 1686 2169 1735 domino
2195 1687 2429 1740 COauricio

424 1765 523 1815 Dei
552 1766 703 1832 gratia
733 1760 946 1834 episcopo
977 1767 1320 1818 Dumblanenfi
1345 1796 1356 1808 ·
1381 1769 1594 1820 Domino
1623 1771 1861 1822 Willelmo
1891 1773 1952 1822 de
1980 1774 2150 1827 COonte
2184 1774 2281 1823 fixo
2315 1784 2430 1824 tunc

418 1853 679 1918 justiciario
703 1870 762 1904 ex
785 1865 920 1921 parte
942 1855 1118 1905 boreali
1140 1874 1262 1922 aque
1285 1857 1344 1906 de
1368 1857 1520 1906 Forth
1544 1887 1556 1898 ·
1579 1860 1772 1909 domino
1794 1860 1830 1909 J
1831 1860 2018 1910 ohanne
2048 1861 2109 1910 de
2132 1862 2347 1916 COoravia
2368 1863 2428 1912 de

424 1941 790 2008 Dromsergarth
825 1970 837 1982 ·
874 1943 1066 1993 domino
1099 1944 1135 1993 J
1137 1943 1321 1994 ohanne
1362 1946 1422 1994 de
1463 1946 1802 2015 Inchemartyn
1838 1976 1850 1987 ·
1872 1928 2078 1998 ⁶domino
2119 1949 2328 1998 Waltero
2369 1951 2428 1999 de

425 2031 676 2085 COeneteth
702 2060 713 2070 ·
737 2031 964 2081 militibus
989 2059 1000 2072 ·
1026 2032 1284 2088 malcolmo
1314 2035 1374 2084 de
1402 2036 1453 2084 D
1491 2064 1501 2075 ·
1541 2065 1552 2075 ·
1592 2065 1602 2075 ·
1641 2065 1652 2076 ·
1687 2037 1814 2103 nych
1847 2063 1859 2076 ·
1894 2036 2135 2087 Willelmo
2167 2039 2226 2086 de
2259 2038 2428 2088 Cram-

424 2119 543 2185 byth
569 2148 579 2158 ·
603 2120 639 2168 J
641 2120 826 2169 ohanne
848 2121 908 2170 de
931 2121 1231 2189 Innerpeffry
1255 2150 1267 2162 ·
1292 2132 1341 2172 et
1363 2123 1525 2172 multis
1548 2123 1663 2172 aliis.

435 2364 689 2441 &alisius
716 2399 874 2431 comes
905 2383 964 2431 de
990 2382 1267 2432 Stratherne
1298 2383 1381 2432 dat
1407 2383 1439 2433 J
1441 2383 1616 2433 ohanni
1647 2385 1708 2433 de
1739 2385 1956 2439 COoravia
1989 2386 2049 2434 de
2087 2385 2427 2453 Dromsyrgart

424 2477 472 2516 et
505 2468 756 2518 heredibus
790 2470 850 2518 de
884 2470 1041 2524 COaria
1072 2469 1169 2519 filia
1201 2470 1384 2520 comitis
1418 2472 1699 2521 exeuntibus
1733 2492 1750 2528 l
1786 2482 1958 2522 terram
1990 2474 2050 2523 de
2079 2473 2388 2541 Abbercarny
2413 2503 2424 2514 ·

436 2556 573 2620 Orig.
598 2558 653 2605 in
677 2557 887 2606 archivis
909 2559 967 2607 de
989 2558 1330 2623 Abercairney.

328 2742 390 2786 24
426 2712 636 2780 Vniiifis
674 2732 936 2796 presentem
971 2742 1149 2781 cartam
1182 2733 1345 2782 visuris
1378 2734 1429 2783 vi
1462 2733 1655 2782 auditu?
1687 2733 1899 2789 COaliflus
1935 2735 2107 2784 Comes
2142 2736 2201 2784 de
2237 2735 2425 2784 St‘thrn

426 2807 586 2866 ePnam
609 2819 659 2866 in
682 2819 779 2868 dno
802 2820 917 2868 saTm
939 2847 950 2859 ·
969 2802 1165 2869 Noiiitis
1187 2838 1273 2870 nos
1296 2820 1468 2869 dediffe
1487 2849 1499 2859 ·
1519 2822 1774 2871 concefliffe
1791 2850 1802 2860 ·
1818 2830 1866 2870 et
1888 2821 1975 2870 hac
1998 2810 2148 2888 {isenti
2174 2822 2318 2872 Carta
2340 2829 2425 2871 fira

418 2906 633 2970 9f²maffe
666 2906 702 2955 J
704 2906 784 2955 ohi
818 2907 878 2956 de
912 2908 1132 2962 COorauia
1165 2909 1225 2957 de
1256 2909 1614 2975 Dromsyrgart⁶
1635 2919 1785 2958 totam
1815 2897 1942 2957 ‘Eram
1976 2909 2036 2958 de
2069 2896 2328 2975 Absscarny
2363 2919 2424 2958 cu

425 2992 674 3058 ptinenciis
698 3012 789 3058 que
811 2994 900 3043 fuit
923 2982 1072 3045 Rossti
1093 2995 1177 3044 filii
1199 2997 1357 3062 magni
1379 2996 1496 3045 dicti
1519 2997 1578 3045 de
1604 2984 1795 3046 St‘tflrn
1823 2996 2017 3061 q⁰ndam
2042 2997 2244 3045 tenentis
2267 2996 2341 3044 firi
2364 2997 2423 3045 de

426 3079 565 3128 eadm
588 3101 605 3137 l
631 3081 834 3131 Tenend
856 3092 890 3131 ’ἓ
913 3082 1094 3131 findam
1118 3083 1196 3132 eid
1218 3083 1333 3132 Johi
1356 3094 1391 3132 ’ἲ
1414 3070 1585 3149 Redib5
1602 3084 1692 3133 suis
1711 3084 1771 3133 de
1788 3084 1946 3138 maria.
1962 3083 2057 3131 filia
2074 3090 2159 3131 sira
2176 3084 2422 3149 exeuntibq,

2054 3150 2107 3212 s
