2756 3926
383 343 466 385 146

379 475 632 523 Ardrossane,
646 476 796 514 Bricius
814 476 876 522 de,
891 475 956 522 21,
970 474 1036 522 35,
1051 475 1117 522 43,
1133 475 1197 522 51,
1213 475 1277 521 52,
1291 474 1354 512 53.

488 539 552 578 61.

379 602 564 653 Argadia,
582 604 760 642 dominus
778 602 978 652 Eugenius
996 602 1058 649 de,
1076 602 1142 641 35.

379 667 557 714 Arnaldi,
578 668 624 706 T.
644 668 757 714 filius,
776 667 840 714 64,
859 666 981 705 xxvii.

378 731 540 778 Arthur,
558 731 658 769 filius
675 731 845 769 Abraam
863 729 1062 780 capellani,
1081 729 1147 769 29.

380 794 503 833 Athol
521 795 597 832 and
618 794 831 841 Gasthness,
850 794 942 832 Earl
959 794 1011 841 of,
1028 794 1188 841 Walter,
1206 794 1261 832 lii.

377 858 548 904 Atholie,
566 870 691 896 comes
709 858 913 905 Henricus,
931 858 1036 896 xxiv.

500 922 722 969 Duneanus,
741 923 921 969 decanus,
943 922 1008 961 68.

376 987 572 1036 Aubegni,
590 987 765 1025 Matildis
782 987 862 1025 filia
871 987 1054 1026 Willelmi
1072 987 1134 1034 de,
1153 988 1191 1035 3,
1207 987 1271 1034 10,
1288 987 1352 1026 11.

373 1051 630 1101 Augustinus,
650 1051 827 1098 Sanctus,
846 1051 885 1093 4.

373 1179 559 1226 BALTINI,
578 1179 607 1218 J
608 1179 777 1218 ohannes
795 1180 909 1227 filius,
927 1178 995 1220 37.

371 1242 625 1294 Balyndoloh,
637 1243 815 1282 dominus
828 1244 889 1292 de,
902 1245 1021 1295 Hugo
1039 1244 1088 1283 de
1103 1245 1214 1293 Ross,
1231 1244 1353 1283 xlviii.

371 1306 493 1353 Bane,
511 1307 674 1354 Bricius,
693 1305 760 1347 37.

305 1384 310 1387 ’
371 1370 513 1415 Barde,
532 1371 767 1421 Margareta,
786 1371 862 1410 xlv.

370 1434 534 1481 Batalia,
554 1435 582 1473 J
584 1435 756 1473 ohannes
775 1436 837 1482 de,
856 1435 922 1474 41.

369 1497 596 1549 Bayleyhef,
616 1498 811 1537 Henricus
829 1499 891 1546 de,
914 1499 979 1539 19.

369 1561 534 1612 Bayllol,
552 1562 747 1600 Henricus
765 1563 827 1610 de,
846 1564 1088 1610 camerarius,
1109 1564 1174 1611 12,
1194 1564 1261 1602 20.

369 1625 554 1671 Bedford,
573 1626 766 1664 Henricus
784 1627 846 1673 de,
865 1626 932 1674 39,
950 1626 1016 1674 40,
1035 1627 1101 1666 41.

369 1689 468 1735 Bell,
486 1689 626 1736 David,
646 1690 853 1728 canonicus
870 1690 1171 1738 Dunkeldensis,
1192 1689 1257 1732 77.

372 1753 492 1800 Belle,
508 1753 695 1803 Magister
707 1754 864 1805 Symon‚
876 1755 1039 1794 vicarius
1051 1756 1100 1794 de
1115 1755 1351 1809 Streuellyn‚

474 1830 618 1856 xxxvn.

282 1891 286 1894 ·
366 1881 636 1932 Berengarius‚
656 1882 829 1929 clericus,
850 1881 915 1929 70,
935 1882 1000 1923 75.

367 1946 557 1993 Berewik,
577 1946 769 1985 Ricardus
789 1947 850 1995 de,
869 1947 937 1988 39.

367 2010 558 2057 Berkelei‚
574 2011 769 2050 Robertus
788 2011 850 2058 de,
869 2010 979 2051 xxiii.

491 2075 684 2114 Walterus
701 2076 765 2122 de,
784 2076 1029 2124 camerarius,
1047 2076 1155 2116 xxiii.

367 2139 602 2187 Bernardus,
621 2140 857 2190 capellanus,
876 2138 940 2180 76.

368 2204 531 2250 Boscho,
550 2195 764 2243 willelmus
784 2205 846 2252 de,
865 2206 1116 2244 cancellarius
1137 2205 1352 2245 Alexandri

474 2269 606 2318 Regni,
627 2269 691 2315 13,
711 2269 776 2317 19,
795 2282 882 2308 xxv.
900 2271 1004 2310 xxvi.

368 2333 500 2379 Brani,
515 2332 753 2371 Donecanus
769 2334 894 2387 filius,
905 2334 942 2372 8.

494 2396 686 2435 Makbeth
703 2397 818 2444 filius,
836 2398 905 2440 30.

367 2461 636 2499 Brechinensis
663 2462 862 2513 episcopus
889 2468 929 2502 et
953 2463 1201 2502 cancellarius
1232 2463 1351 2514 Regis

472 2525 675 2571 Patricius,
693 2526 784 2564 xlvi.

367 2588 565 2639 Breyhyn,
583 2588 772 2627 Dominus
791 2590 851 2636 de,
870 2589 896 2627 l.

493 2653 721 2691 senescallus
740 2653 885 2692 domini
909 2654 972 2701 de,
996 2653 1203 2703 walterus,
1227 2655 1347 2695 xlviii.

493 2715 707 2758 willelmus
725 2717 787 2764 de,
808 2718 914 2757 xxix.
1281 2729 1287 2734 ·

367 2781 530 2827 Bricius,
551 2780 712 2831 dapifer,
731 2781 797 2830 22,
818 2781 883 2821 62.

487 2845 623 2895 judex,
641 2845 746 2885 xxiv.

368 2908 514 2956 Brune,
528 2908 743 2947 Willelmus
761 2909 824 2956 de,
845 2909 910 2948 12.

364 2971 539 3019 Buchan,
562 2972 787 3012 Alexander
805 2972 967 3025 Comyn,
993 2986 1119 3014 comes
1145 2976 1207 3024 de,
1226 2977 1254 3015 J
1257 2977 1348 3016 usti-

474 3037 612 3076 ciarius
631 3037 771 3085 Scotie,
786 3037 915 3077 xxxiv.

1090 344 1304 386 INDEX
1337 341 1678 386 NOMINUM.

1417 471 1593 518 Buffidir,
1614 471 1879 525 (Buchfydir,)
1899 474 2113 514 Duncanus
2129 475 2191 523 de,
2210 477 2342 514 xxxvi.

1541 548 1705 586 persona
1722 536 1785 583 de,
1804 538 1982 577 dominus
2000 540 2028 578 J
2031 568 2054 587 .,
2069 539 2134 587 32,
2156 538 2220 587 63,
2241 539 2305 578 64.

1541 611 1706 649 persona
1723 599 1785 647 de,
1805 601 1870 648 Y.,
1891 601 1955 640 61.
1984 630 1989 633 1

1541 667 1669 702 rector
1687 664 1749 710 de,
1768 665 1797 703 J
1799 693 1822 712 .‚
1842 665 1907 713 35,
1928 666 1993 713 44,
2014 665 2078 706 66.

1415 726 1569 779 Bysett,
1582 727 1790 776 Walterus,
1810 729 1874 767 12.

1418 854 1477 893 0’.
1493 865 1707 902 emmens,
1728 855 1794 895 60.
1812 896 1816 898 ,

1418 919 1572 966 Galcou,
1601 919 1761 958 clericus
1785 920 1932 959 domini
1961 922 2190 971 cancellarii,
2210 922 2397 962 Ricardus

1522 983 1584 1030 de,
1603 983 1708 1021 xxvi.

1418 1045 1770 1094 Oambuskenneth,
1789 1048 1908 1086 abbas
1926 1048 1989 1095 de,
2009 1049 2129 1089 xxxii.

1540 1111 1646 1161 prior
1663 1111 1725 1158 de,
1744 1111 1947 1159 Ricardus,
1967 1113 2032 1151 45.

1417 1174 1589 1222 Camera,
1609 1175 1827 1214 Herbertus
1845 1176 1908 1224 de,
1928 1174 1993 1216 71.

1539 1240 1680 1278 Petrus
1699 1240 1761 1287 de,
1781 1241 1805 1280 7
1808 1241 1847 1279 4.

1540 1304 1730 1343 Ricardus
1748 1305 1811 1352 de,
1832 1304 1896 1345 71.

1417 1366 1795 1420 Gargill,(Ke1-gi11‚)
1823 1369 2044 1419 capellanus
2072 1369 2133 1416 de,
2161 1369 2396 1419 Bernardus,

1522 1431 1588 1479 74,
1608 1431 1674 1472 75.

1541 1496 1760 1546 capellanus
1778 1497 1839 1545 de,
1859 1497 2062 1545 Ricardus,
2083 1497 2148 1538 74.

1417 1559 1505 1607 Car,
1522 1560 1682 1607 Robert,
1701 1561 1781 1600 lvii.

1417 1623 1566 1671 Castro,
1586 1625 1726 1663 Petrus
1746 1625 1808 1671 de,
1828 1622 1894 1665 72.

1417 1688 1608 1731 Cattania,
1629 1686 1880 1740 (Oaithness),
1900 1700 2026 1727 comes
2053 1689 2116 1737 de,
2134 1695 2175 1730 et
2196 1703 2322 1731 comes
2347 1691 2396 1731 de

1521 1751 1765 1804 Stratheryn,
1783 1752 1927 1799 Dauid,
1945 1753 2052 1792 xlvii.

1541 1816 1621 1854 carl
1640 1816 1685 1854 of
1697 1816 1820 1855 Athol
1839 1817 1928 1864 and,
1947 1817 2109 1865 Walter,
2126 1819 2181 1857 lii.

1414 1904 1517 1912 —-
1539 1881 1619 1919 earl
1637 1880 1689 1928 of,
1705 1881 1832 1929 Malis,
1853 1882 1945 1921 xliv.

1416 1944 1579 1991 Cellare,
1598 1945 1810 1983 Duncanus
1828 1946 1891 1993 (19,
1911 1946 1976 1985 41.

1416 2008 1537 2056 Chen,
1557 2009 1747 2048 Dominus
1765 2010 2004 2060 Reginaldus
2020 2011 2069 2058 le,
2088 2012 2218 2050 xxxiv.

1415 2073 1681 2121 Olacmanane,
1723 2075 1936 2115 vicecomes
1982 2075 2046 2123 de,
2093 2076 2121 2115 J
2122 2076 2292 2116 ohannes
2346 2076 2395 2115 de

1518 2138 1735 2186 Meneteth‚
1748 2139 1843 2179 xliv.

1415 2201 1512 2240 Clau
1529 2202 1715 2250 Macduff,
1733 2203 1761 2244 l.

1415 2266 1608 2314 Clemens,
1627 2267 1750 2319 Papa,
1766 2267 1833 2315 22,
1854 2268 1920 2317 54,
1938 2269 1965 2308 l.

1413 2354 1523 2363 —-—
1536 2332 1602 2371 58.

1417 2394 1642 2443 Clementis,
1689 2396 1888 2437 {rebaldus
1932 2397 2035 2438 filius
2069 2398 2253 2438 willelmi
2296 2398 2379 2446 filii,

1517 2459 1582 2498 22.

1414 2524 1579 2576 Clonny,
1599 2524 1807 2578 (Clonyn,)
1823 2538 1989 2577 persona
2006 2527 2070 2575 de,
2087 2527 2299 2579 Eugenius,
2328 2527 2393 2575 69,

1519 2588 1583 2628 75.

1535 2652 1764 2701 willelmus,
1784 2652 1848 2693 69.

1413 2714 1550 2763 Cocus,
1569 2716 1737 2764 Hamon,
1758 2715 1824 2757 74.

1535 2780 1595 2827 Ρ.,
1615 2780 1680 2819 58.

1413 2843 1583 2890 Connus,
1603 2845 1706 2884 filius
1724 2845 1927 2897 Gilleglaa‘
1942 2849 2074 2888 xxxvi.

1413 2907 1604 2956 Golluille‚
1624 2909 1792 2949 Thomas
1809 2911 1872 2959 de,
1893 2911 1958 2952 71.

1413 2973 1535 3021 001111,
1555 2974 1733 3025 Rogerus
1751 2975 1814 3023 de,
1833 2976 1900 3015 34.

1413 3037 1568 3090 Gomry,
1589 3038 1783 3093 (cumi-5¹,)
1801 3053 1966 3091 persona
1983 3042 2045 3090 de,
2066 3042 2127 3091 G’,
2148 3042 2214 3093 61.,
2232 3042 2297 3093 63,
2312 3043 2378 3084 66.
