2808 3926
407 369 469 416 46
1166 367 1647 418 REGISTRUM

404 532 452 572 et
481 522 764 588 euangeliste
788 532 836 573 et
861 522 1095 572 canonicis
1118 522 1299 588 prefate
1322 522 1477 570 Insule
1499 540 1586 588 pro
1603 521 1748 571 salute
1772 523 1928 571 anime
1946 540 2050 572 mee
2082 533 2130 572 et
2153 524 2416 573 animarum

404 612 775 677 predecessorum
809 612 1112 661 successorum
1148 620 1195 660 et
1229 621 1481 677 parentum
1515 629 1731 660 meorum
1766 611 1816 658 in
1850 629 2018 677 puram
2054 621 2102 660 et
2135 623 2414 678 perpetuam

403 700 699 749 elemosinam
721 718 807 765 per
830 700 1067 766 presentes
1099 699 1462 748 irreuocabiliter
1493 700 1720 749 confirmo
1744 710 1791 749 et
1813 701 1846 747 fi
1869 700 1985 765 quid
2008 700 2057 748 in
2081 701 2414 750 donationibus

402 788 772 852 predecessorum
801 805 1015 836 meorum
1044 787 1192 836 defuit
1223 787 1436 853 supplere
1467 806 1564 836 non
1594 788 1754 837 recuso
1785 816 1797 827 ·
1831 788 1898 836 Et
1926 798 1976 837 vt
2002 788 2092 836 hec
2121 789 2414 853 confirmatio

402 894 507 925 mea
539 877 683 924 robur
711 875 946 924 firmitatis
974 876 1185 924 obtineat
1212 876 1546 942 inperpetuum
1573 877 1747 925 subicio
1783 894 1860 926 me
1895 886 1943 926 et
1974 876 2170 925 heredes
2198 894 2327 925 meos
2360 895 2413 926 ac

401 981 564 1013 omnes
598 964 887 1029 poffeffiones
922 965 1100 1013 nostras
1135 964 1400 1014 cohercioni
1435 975 1483 1014 et
1509 965 1817 1031 jurisdictioni
1851 965 2171 1031 episcoporum
2207 976 2255 1014 et
2286 965 2412 1013 ordi-

399 1051 638 1099 nariorum
671 1051 856 1100 ecclesie
890 1051 1238 1100 Dunblanenfis
1267 1052 1349 1117 qui
1380 1070 1465 1118 pro
1497 1061 1709 1118 tempore
1743 1052 1919 1101 suerint
1950 1053 2033 1101 sub
2064 1070 2188 1117 pena
2221 1062 2411 1101 centum

399 1138 647 1187 solidorum
664 1138 837 1187 fabrice
860 1138 1187 1188 Dunblanenfi
1212 1139 1600 1205 applicandorum
1628 1141 1661 1187 fi
1690 1140 1934 1205 contingat
1962 1157 2047 1188 nos
2077 1140 2204 1204 quod
2226 1141 2340 1188 absit
2363 1140 2411 1187 in

397 1237 532 1293 parte
554 1226 628 1275 vel
651 1227 700 1275 in
724 1236 824 1276 toto
852 1236 903 1276 vt
931 1228 1201 1293 premissum
1235 1229 1299 1276 es't
1328 1228 1527 1277 deficere
1559 1229 1638 1277 seu
1663 1238 1826 1277 contra
1854 1228 1977 1277 hanc
2007 1228 2410 1277 confirmationem

397 1315 659 1380 aliqualiter
689 1315 848 1364 venire
880 1314 1008 1363 nullo
1043 1315 1093 1362 in
1126 1315 1414 1364 contrarium
1449 1325 1613 1364 contra
1646 1316 1835 1381 presens
1874 1317 2096 1380 scriptum
2135 1316 2408 1382 inposterim

395 1403 706 1469 proponendo
730 1404 941 1452 obstante
967 1431 977 1441 ·
1008 1402 1114 1469 Ego
1137 1420 1247 1452 vero
1271 1403 1492 1451 Andreas
1517 1411 1564 1450 et
1587 1402 1784 1450 heredes
1809 1402 1901 1451 mei
1924 1402 2181 1467 predictam
2204 1418 2409 1448 marcam

394 1492 587 1558 prefatis
614 1491 831 1558 religiosis
866 1492 916 1540 in
948 1501 1231 1557 perpetuum
1258 1490 1693 1539 warrantizabimus
1722 1502 1770 1538 et
1801 1490 2109 1539 defendemus
2144 1518 2154 1529 ·
2188 1490 2247 1538 In
2276 1491 2408 1555 cujus

394 1580 463 1629 rei
502 1580 819 1629 testimonium
859 1580 1060 1645 presenti
1099 1580 1269 1645 scripto
1309 1579 1508 1646 sigillum
1548 1597 1709 1627 meum
1746 1579 1938 1645 apposui
1972 1589 2019 1628 et
2053 1580 2115 1628 ad
2147 1578 2405 1645 pleniorem

394 1669 682 1718 euidentiam
700 1668 832 1717 diais
849 1667 1068 1735 religiosis
1086 1668 1349 1717 faciendam
1367 1667 1511 1735 sigilla
1526 1667 1802 1717 venerabilis
1821 1668 1967 1733 patris
1987 1668 2165 1717 domini
2184 1669 2401 1733 mauricij

393 1758 471 1807 dei
492 1758 643 1824 gratia
666 1757 868 1823 episcopi
897 1756 1248 1805 Dunblanenfis
1280 1766 1327 1806 et
1351 1757 1530 1806 domini
1556 1756 1770 1805 Donaldi
1794 1757 1961 1805 decani
1984 1757 2189 1823 ejusdem
2217 1758 2403 1823 presen-

392 1846 517 1895 tibus
541 1846 647 1894 sunt
678 1845 882 1911 appensa
907 1873 917 1883 ·
946 1844 1133 1893 Datum
1156 1845 1206 1892 in
1228 1845 1341 1894 festo
1369 1846 1494 1894 beati
1517 1845 1668 1894 Beani
1692 1845 1893 1911 episcopi
1916 1855 1964 1894 et
1993 1846 2255 1894 confefl‘oris
2278 1864 2402 1894 anno

392 1934 570 1984 domini
592 1933 826 1989 (oillefimo
850 1938 979 1982 ccc¹¹¹⁰
995 1933 1208 1983 vicesimo
1231 1952 1358 1984 nono
1385 1963 1395 1973 ·

396 2184 676 2251 Concordia
706 2200 953 2249 indentata
983 2200 1108 2248 inter
1136 2208 1426 2248 conuentum
1455 2209 1502 2248 et
1535 2198 1579 2246 T
1581 2199 1761 2247 ristram
1793 2198 1929 2264 super
1959 2198 2232 2263 quibusdam
2266 2197 2399 2246 terris

390 2291 513 2339 inter
535 2290 655 2356 ipsos
679 2299 790 2339 ante
813 2290 862 2338 in
885 2288 967 2338 lite
990 2288 1306 2354 pendentibus
1332 2314 1342 2326 ·

301 2468 361 2521 47
392 2450 649 2516 Omnibus
686 2466 860 2516 Christi
894 2465 1111 2515 fidelibus
1146 2466 1235 2514 hoc
1270 2465 1493 2531 scriptum
1533 2464 1693 2513 visuris
1731 2464 1805 2513 vel
1826 2464 2053 2514 audituris
2076 2463 2264 2512 Alanus
2298 2463 2395 2511 Dei

387 2557 539 2623 gratia
579 2557 722 2605 abbas
764 2555 824 2604 de
871 2554 1028 2603 Insula
1061 2554 1307 2608 COifl‘arum
1341 2562 1389 2602 et
1423 2554 1631 2619 ejusdem
1663 2553 1754 2602 loci
1794 2562 2057 2602 conuentus
2096 2563 2306 2601 eternam
2344 2553 2393 2600 in

387 2645 578 2694 domino
602 2644 798 2693 salutem
818 2672 828 2682 ·
852 2642 1057 2691 Nouerit
1070 2643 1342 2691 vniuerfitas
1359 2642 1509 2690 vestra
1532 2642 1659 2707 quod
1683 2660 1791 2690 cum
1808 2642 2116 2691 controuersia
2140 2642 2248 2690 esset
2265 2651 2394 2690 mota

384 2736 507 2784 inter
531 2734 757 2782 Tristram
780 2734 840 2782 de
865 2733 1054 2798 Gortyn
1073 2750 1131 2781 ex
1149 2741 1281 2797 parte
1304 2748 1398 2779 vna
1421 2740 1468 2779 et
1492 2749 1577 2779 nos
1601 2748 1662 2779 ex
1684 2730 1830 2779 altera
1847 2732 1983 2796 super
2005 2732 2138 2779 terris
2162 2732 2220 2779 de
2246 2731 2391 2780 Cam-

382 2823 526 2872 binch
567 2840 658 2888 que
698 2840 758 2871 ex
792 2821 984 2870 arbitrio
1018 2821 1225 2869 virorum
1265 2819 1573 2885 prudentium
1612 2819 1796 2883 prouisa
1834 2819 1923 2867 fuit
1960 2828 2006 2867 et
2041 2819 2309 2883 adjudicata
2341 2820 2389 2867 in

382 2922 666 2979 perpetuum
700 2914 858 2976 jacere
903 2911 953 2958 in
990 2910 1231 2959 communi
1269 2909 1392 2957 inter
1429 2926 1515 2957 nos
1552 2909 1668 2956 ficut
1699 2908 1750 2956 in
1783 2908 1952 2973 scripto
1981 2908 2040 2956 de
2074 2909 2170 2974 ipso
2199 2908 2389 2957 arbitrio

382 3003 591 3051 confecto
615 3001 801 3067 plenius
821 3000 1089 3049 continetur
1112 3009 1160 3047 et
1184 2998 1350 3047 ceteris
1374 2997 1511 3046 terris
1536 3014 1651 3062 quas
1676 3014 1760 3045 nos
1784 2997 2124 3063 poflidebamus
2148 2998 2198 3045 in
2221 2998 2389 3063 quibus

383 3091 532 3139 dfflus
557 3090 783 3138 Tristram
805 3088 888 3137 fibi
911 3097 959 3137 et
981 3087 1232 3137 heredibus
1254 3086 1346 3135 suis
1369 3087 1451 3151 jus
1479 3085 1759 3135 vendicabat
1788 3094 1835 3134 et
1862 3085 2067 3134 maxime
2091 3086 2149 3134 de
2178 3085 2388 3135 infirma-
