<?xml version="1.0" encoding="UTF-8"?>
<!DOCTYPE html PUBLIC "-//W3C//DTD XHTML 1.0 Transitional//EN"
    "http://www.w3.org/TR/xhtml1/DTD/xhtml1-transitional.dtd">
<html xmlns="http://www.w3.org/1999/xhtml" xml:lang="en" lang="en">
 <head>
  <title>
</title>
<meta http-equiv="Content-Type" content="text/html;charset=utf-8" />
  <meta name='ocr-system' content='tesseract 3.04.00' />
  <meta name='ocr-capabilities' content='ocr_page ocr_carea ocr_par ocr_line ocrx_word'/>
</head>
<body>
  <div class='ocr_page' id='page_1' title='image "./liberinsulemissa85inchuoft_0150.png"; bbox 0 0 2756 3926; ppageno 0'>
   <div class='ocr_carea' id='block_1_1' title="bbox 408 386 1646 443">
    <p class='ocr_par' dir='ltr' id='par_1_1' title="bbox 408 386 1646 443">
     <span class='ocr_line' id='line_1_1' title="bbox 408 386 1646 443; baseline -0.003 -4"><span class='ocrx_word' id='word_1_1' title='bbox 408 391 471 443; x_wconf 82' lang='lat'>70</span> <span class='ocrx_word' id='word_1_2' title='bbox 1169 386 1646 436; x_wconf 84' lang='lat' dir='ltr'>REGISTRUM</span> 
     </span>
    </p>
   </div>
   <div class='ocr_carea' id='block_1_2' title="bbox 395 539 2408 692">
    <p class='ocr_par' dir='ltr' id='par_1_2' title="bbox 395 539 2408 692">
     <span class='ocr_line' id='line_1_2' title="bbox 399 539 2408 609; baseline -0.001 -17"><span class='ocrx_word' id='word_1_3' title='bbox 399 544 458 592; x_wconf 89' lang='lat' dir='ltr'>de</span> <span class='ocrx_word' id='word_1_4' title='bbox 497 542 653 609; x_wconf 66' lang='lat' dir='ltr'>Clony</span> <span class='ocrx_word' id='word_1_5' title='bbox 687 571 698 581; x_wconf 91' lang='lat'><strong>·</strong></span> <span class='ocrx_word' id='word_1_6' title='bbox 736 543 944 607; x_wconf 86' lang='lat' dir='ltr'>Hugone</span> <span class='ocrx_word' id='word_1_7' title='bbox 973 549 1020 589; x_wconf 92' lang='lat' dir='ltr'>et</span> <span class='ocrx_word' id='word_1_8' title='bbox 1038 539 1322 588; x_wconf 87' lang='lat' dir='ltr'>Abrahaam</span> <span class='ocrx_word' id='word_1_9' title='bbox 1357 539 1608 606; x_wconf 83' lang='lat' dir='ltr'>capellanis</span> <span class='ocrx_word' id='word_1_10' title='bbox 1655 541 1820 589; x_wconf 84' lang='lat' dir='ltr'>nostris</span> <span class='ocrx_word' id='word_1_11' title='bbox 1869 569 1878 579; x_wconf 92' lang='lat'><strong>·</strong></span> <span class='ocrx_word' id='word_1_12' title='bbox 1927 541 2214 608; x_wconf 82' lang='lat' dir='ltr'>Berengario</span> <span class='ocrx_word' id='word_1_13' title='bbox 2252 541 2408 590; x_wconf 89' lang='lat' dir='ltr'>Alano</span> 
     </span>
     <span class='ocr_line' id='line_1_3' title="bbox 395 626 1183 692; baseline -0.009 -11"><span class='ocrx_word' id='word_1_14' title='bbox 395 631 574 681; x_wconf 81' lang='lat' dir='ltr'>clericis</span> <span class='ocrx_word' id='word_1_15' title='bbox 598 630 761 679; x_wconf 87' lang='lat' dir='ltr'>nostris</span> <span class='ocrx_word' id='word_1_16' title='bbox 784 639 833 678; x_wconf 90' lang='lat' dir='ltr'>et</span> <span class='ocrx_word' id='word_1_17' title='bbox 854 628 1013 684; x_wconf 73' lang='lat' dir='ltr'>multis</span> <span class='ocrx_word' id='word_1_18' title='bbox 1036 626 1146 692; x_wconf 89' lang='lat' dir='ltr'>alijs</span> <span class='ocrx_word' id='word_1_19' title='bbox 1172 656 1183 665; x_wconf 88' lang='lat'><strong>·</strong></span> 
     </span>
    </p>
   </div>
   <div class='ocr_carea' id='block_1_3' title="bbox 402 873 1929 955">
    <p class='ocr_par' dir='ltr' id='par_1_3' title="bbox 402 873 1929 955">
     <span class='ocr_line' id='line_1_4' title="bbox 402 873 1929 955; baseline -0.002 -15"><span class='ocrx_word' id='word_1_20' title='bbox 402 873 724 941; x_wconf 79' lang='lat' dir='ltr'>Confirmatio</span> <span class='ocrx_word' id='word_1_21' title='bbox 749 887 973 936; x_wconf 89' lang='lat' dir='ltr'>Willelmi</span> <span class='ocrx_word' id='word_1_22' title='bbox 995 888 1119 954; x_wconf 87' lang='lat' dir='ltr'>regis</span> <span class='ocrx_word' id='word_1_23' title='bbox 1142 889 1278 954; x_wconf 90' lang='lat' dir='ltr'>super</span> <span class='ocrx_word' id='word_1_24' title='bbox 1301 887 1490 937; x_wconf 83' lang='lat' dir='ltr'>ecclesia</span> <span class='ocrx_word' id='word_1_25' title='bbox 1511 887 1571 937; x_wconf 87' lang='lat' dir='ltr'>de</span> <span class='ocrx_word' id='word_1_26' title='bbox 1594 888 1891 955; x_wconf 61' lang='lat' dir='ltr'>maddirdyn</span> <span class='ocrx_word' id='word_1_27' title='bbox 1918 915 1929 927; x_wconf 93' lang='lat'><strong>·</strong></span> 
     </span>
    </p>
   </div>
   <div class='ocr_carea' id='block_1_4' title="bbox 313 1047 2414 2454">
    <p class='ocr_par' dir='ltr' id='par_1_4' title="bbox 313 1047 2414 2454">
     <span class='ocr_line' id='line_1_5' title="bbox 313 1047 2413 1129; baseline -0.001 -16"><span class='ocrx_word' id='word_1_28' title='bbox 313 1071 375 1122; x_wconf 79' lang='grc'>72</span> <span class='ocrx_word' id='word_1_29' title='bbox 399 1047 701 1113; x_wconf 86' lang='lat' dir='ltr'>Willelmus</span> <span class='ocrx_word' id='word_1_30' title='bbox 736 1064 834 1112; x_wconf 92' lang='lat' dir='ltr'>Dei</span> <span class='ocrx_word' id='word_1_31' title='bbox 869 1065 1024 1129; x_wconf 85' lang='lat' dir='ltr'>gratia</span> <span class='ocrx_word' id='word_1_32' title='bbox 1062 1081 1150 1113; x_wconf 85' lang='lat' dir='ltr'>rex</span> <span class='ocrx_word' id='word_1_33' title='bbox 1187 1063 1462 1113; x_wconf 79' lang='lat' dir='ltr'>Scottorum</span> <span class='ocrx_word' id='word_1_34' title='bbox 1502 1064 1722 1113; x_wconf 89' lang='lat' dir='ltr'>omnibus</span> <span class='ocrx_word' id='word_1_35' title='bbox 1761 1064 1920 1129; x_wconf 83' lang='lat' dir='ltr'>probis</span> <span class='ocrx_word' id='word_1_36' title='bbox 1959 1063 2230 1113; x_wconf 90' lang='lat' dir='ltr'>hominibus</span> <span class='ocrx_word' id='word_1_37' title='bbox 2270 1063 2413 1112; x_wconf 85' lang='lat' dir='ltr'>totius</span> 
     </span>
     <span class='ocr_line' id='line_1_6' title="bbox 399 1151 2414 1217; baseline -0 -17"><span class='ocrx_word' id='word_1_38' title='bbox 399 1162 522 1201; x_wconf 88' lang='lat' dir='ltr'>terre</span> <span class='ocrx_word' id='word_1_39' title='bbox 545 1152 622 1200; x_wconf 90' lang='lat' dir='ltr'>sue</span> <span class='ocrx_word' id='word_1_40' title='bbox 647 1151 824 1200; x_wconf 81' lang='lat' dir='ltr'>clericis</span> <span class='ocrx_word' id='word_1_41' title='bbox 857 1162 904 1201; x_wconf 85' lang='lat' dir='ltr'>et</span> <span class='ocrx_word' id='word_1_42' title='bbox 934 1151 1064 1201; x_wconf 90' lang='lat' dir='ltr'>laicis</span> <span class='ocrx_word' id='word_1_43' title='bbox 1098 1151 1294 1201; x_wconf 84' lang='lat' dir='ltr'>salutem</span> <span class='ocrx_word' id='word_1_44' title='bbox 1320 1179 1331 1191; x_wconf 88' lang='lat'><strong>·</strong></span> <span class='ocrx_word' id='word_1_45' title='bbox 1367 1151 1532 1201; x_wconf 85' lang='lat' dir='ltr'>Sciant</span> <span class='ocrx_word' id='word_1_46' title='bbox 1555 1153 1792 1217; x_wconf 81' lang='lat' dir='ltr'>presentes</span> <span class='ocrx_word' id='word_1_47' title='bbox 1816 1161 1864 1201; x_wconf 91' lang='lat' dir='ltr'>et</span> <span class='ocrx_word' id='word_1_48' title='bbox 1888 1151 2035 1201; x_wconf 88' lang='lat' dir='ltr'>futuri</span> <span class='ocrx_word' id='word_1_49' title='bbox 2059 1170 2135 1201; x_wconf 93' lang='lat' dir='ltr'>me</span> <span class='ocrx_word' id='word_1_50' title='bbox 2159 1153 2414 1200; x_wconf 76' lang='lat' dir='ltr'>concessisse</span> 
     </span>
     <span class='ocr_line' id='line_1_7' title="bbox 399 1241 2413 1309; baseline 0 -18"><span class='ocrx_word' id='word_1_51' title='bbox 399 1251 447 1291; x_wconf 90' lang='lat' dir='ltr'>et</span> <span class='ocrx_word' id='word_1_52' title='bbox 478 1241 567 1290; x_wconf 83' lang='lat' dir='ltr'>hac</span> <span class='ocrx_word' id='word_1_53' title='bbox 599 1251 730 1290; x_wconf 84' lang='lat' dir='ltr'>carta</span> <span class='ocrx_word' id='word_1_54' title='bbox 761 1259 868 1290; x_wconf 86' lang='lat' dir='ltr'>mea</span> <span class='ocrx_word' id='word_1_55' title='bbox 891 1242 1180 1291; x_wconf 75' lang='lat' dir='ltr'>confirmasse</span> <span class='ocrx_word' id='word_1_56' title='bbox 1208 1242 1318 1291; x_wconf 93' lang='lat' dir='ltr'>Deo</span> <span class='ocrx_word' id='word_1_57' title='bbox 1348 1252 1395 1291; x_wconf 90' lang='lat' dir='ltr'>et</span> <span class='ocrx_word' id='word_1_58' title='bbox 1418 1243 1604 1292; x_wconf 79' lang='lat' dir='ltr'>ecclesie</span> <span class='ocrx_word' id='word_1_59' title='bbox 1627 1244 1767 1292; x_wconf 65' lang='lat' dir='ltr'>saneti</span> <span class='ocrx_word' id='word_1_60' title='bbox 1789 1244 1822 1294; x_wconf 90' lang='lat' dir='ltr'><strong>J</strong></span> <span class='ocrx_word' id='word_1_61' title='bbox 1824 1243 2022 1292; x_wconf 87' lang='lat' dir='ltr'>ohannis</span> <span class='ocrx_word' id='word_1_62' title='bbox 2048 1243 2330 1309; x_wconf 86' lang='lat' dir='ltr'>euangeliste</span> <span class='ocrx_word' id='word_1_63' title='bbox 2354 1244 2413 1291; x_wconf 90' lang='lat' dir='ltr'>de</span> 
     </span>
     <span class='ocr_line' id='line_1_8' title="bbox 399 1328 2413 1394; baseline 0.001 -18"><span class='ocrx_word' id='word_1_64' title='bbox 399 1328 671 1394; x_wconf 85' lang='lat' dir='ltr'>Inehaffryn</span> <span class='ocrx_word' id='word_1_65' title='bbox 707 1337 754 1377; x_wconf 93' lang='lat' dir='ltr'>et</span> <span class='ocrx_word' id='word_1_66' title='bbox 781 1328 892 1376; x_wconf 88' lang='lat' dir='ltr'>viris</span> <span class='ocrx_word' id='word_1_67' title='bbox 920 1328 1141 1394; x_wconf 81' lang='lat' dir='ltr'>religiosis</span> <span class='ocrx_word' id='word_1_68' title='bbox 1170 1329 1235 1377; x_wconf 90' lang='lat' dir='ltr'>ibi</span> <span class='ocrx_word' id='word_1_69' title='bbox 1263 1329 1373 1378; x_wconf 90' lang='lat' dir='ltr'>Deo</span> <span class='ocrx_word' id='word_1_70' title='bbox 1407 1330 1717 1380; x_wconf 89' lang='lat' dir='ltr'>seruientibus</span> <span class='ocrx_word' id='word_1_71' title='bbox 1752 1340 1800 1380; x_wconf 89' lang='lat' dir='ltr'>et</span> <span class='ocrx_word' id='word_1_72' title='bbox 1834 1331 2073 1380; x_wconf 90' lang='lat' dir='ltr'>seruituris</span> <span class='ocrx_word' id='word_1_73' title='bbox 2108 1331 2413 1380; x_wconf 82' lang='lat' dir='ltr'>donationem</span> 
     </span>
     <span class='ocr_line' id='line_1_9' title="bbox 396 1416 2412 1485; baseline 0.001 -21"><span class='ocrx_word' id='word_1_74' title='bbox 396 1416 526 1465; x_wconf 86' lang='lat' dir='ltr'>illam</span> <span class='ocrx_word' id='word_1_75' title='bbox 573 1435 716 1482; x_wconf 89' lang='lat' dir='ltr'>quam</span> <span class='ocrx_word' id='word_1_76' title='bbox 763 1417 1012 1467; x_wconf 79' lang='lat' dir='ltr'>Gilbertus</span> <span class='ocrx_word' id='word_1_77' title='bbox 1058 1435 1217 1467; x_wconf 88' lang='lat' dir='ltr'>comes</span> <span class='ocrx_word' id='word_1_78' title='bbox 1264 1419 1323 1467; x_wconf 88' lang='lat' dir='ltr'>do</span> <span class='ocrx_word' id='word_1_79' title='bbox 1372 1418 1657 1485; x_wconf 82' lang='lat' dir='ltr'>Stratheryn</span> <span class='ocrx_word' id='word_1_80' title='bbox 1703 1419 1771 1467; x_wconf 89' lang='lat' dir='ltr'>eis</span> <span class='ocrx_word' id='word_1_81' title='bbox 1816 1419 2158 1468; x_wconf 79' lang='lat' dir='ltr'>rationabiliter</span> <span class='ocrx_word' id='word_1_82' title='bbox 2202 1419 2313 1468; x_wconf 90' lang='lat' dir='ltr'>fecit</span> <span class='ocrx_word' id='word_1_83' title='bbox 2354 1419 2412 1467; x_wconf 91' lang='lat' dir='ltr'>de</span> 
     </span>
     <span class='ocr_line' id='line_1_10' title="bbox 396 1505 2412 1572; baseline 0 -19"><span class='ocrx_word' id='word_1_84' title='bbox 396 1505 584 1554; x_wconf 82' lang='lat' dir='ltr'>ecclesia</span> <span class='ocrx_word' id='word_1_85' title='bbox 607 1506 666 1554; x_wconf 93' lang='lat' dir='ltr'>de</span> <span class='ocrx_word' id='word_1_86' title='bbox 690 1505 1014 1571; x_wconf 79' lang='lat' dir='ltr'>COaddirdyne</span> <span class='ocrx_word' id='word_1_87' title='bbox 1038 1523 1147 1554; x_wconf 85' lang='lat' dir='ltr'>eum</span> <span class='ocrx_word' id='word_1_88' title='bbox 1171 1506 1390 1555; x_wconf 89' lang='lat' dir='ltr'>omnibus</span> <span class='ocrx_word' id='word_1_89' title='bbox 1418 1506 1555 1571; x_wconf 86' lang='lat' dir='ltr'>justis</span> <span class='ocrx_word' id='word_1_90' title='bbox 1578 1507 1881 1572; x_wconf 70' lang='lat' dir='ltr'>pertinentiis</span> <span class='ocrx_word' id='word_1_91' title='bbox 1906 1516 1954 1556; x_wconf 92' lang='lat' dir='ltr'>et</span> <span class='ocrx_word' id='word_1_92' title='bbox 1977 1507 2037 1555; x_wconf 87' lang='lat' dir='ltr'>de</span> <span class='ocrx_word' id='word_1_93' title='bbox 2060 1506 2248 1555; x_wconf 83' lang='lat' dir='ltr'>ecclesia</span> <span class='ocrx_word' id='word_1_94' title='bbox 2270 1507 2412 1555; x_wconf 69' lang='lat' dir='ltr'>sancti</span> 
     </span>
     <span class='ocr_line' id='line_1_11' title="bbox 400 1593 2412 1661; baseline 0 -20"><span class='ocrx_word' id='word_1_95' title='bbox 400 1593 551 1642; x_wconf 86' lang='lat' dir='ltr'>Beani</span> <span class='ocrx_word' id='word_1_96' title='bbox 579 1594 638 1642; x_wconf 90' lang='lat' dir='ltr'>de</span> <span class='ocrx_word' id='word_1_97' title='bbox 668 1593 878 1660; x_wconf 85' lang='lat' dir='ltr'>Kynkell</span> <span class='ocrx_word' id='word_1_98' title='bbox 905 1612 1014 1643; x_wconf 90' lang='lat' dir='ltr'>cum</span> <span class='ocrx_word' id='word_1_99' title='bbox 1041 1595 1260 1643; x_wconf 90' lang='lat' dir='ltr'>omnibus</span> <span class='ocrx_word' id='word_1_100' title='bbox 1287 1595 1424 1660; x_wconf 84' lang='lat' dir='ltr'>justis</span> <span class='ocrx_word' id='word_1_101' title='bbox 1451 1595 1751 1661; x_wconf 86' lang='lat' dir='ltr'>pertinentijs</span> <span class='ocrx_word' id='word_1_102' title='bbox 1781 1595 1871 1643; x_wconf 89' lang='lat' dir='ltr'>suis</span> <span class='ocrx_word' id='word_1_103' title='bbox 1901 1605 1948 1644; x_wconf 87' lang='lat' dir='ltr'>et</span> <span class='ocrx_word' id='word_1_104' title='bbox 1983 1595 2042 1644; x_wconf 88' lang='lat' dir='ltr'>de</span> <span class='ocrx_word' id='word_1_105' title='bbox 2066 1595 2252 1644; x_wconf 80' lang='lat' dir='ltr'>ecclefia</span> <span class='ocrx_word' id='word_1_106' title='bbox 2273 1596 2412 1643; x_wconf 67' lang='lat' dir='ltr'>sancti</span> 
     </span>
     <span class='ocr_line' id='line_1_12' title="bbox 396 1682 2414 1750; baseline -0 -18"><span class='ocrx_word' id='word_1_107' title='bbox 396 1683 644 1738; x_wconf 75' lang='lat' dir='ltr'>coakefl&#39;ok</span> <span class='ocrx_word' id='word_1_108' title='bbox 675 1683 735 1731; x_wconf 90' lang='lat' dir='ltr'>de</span> <span class='ocrx_word' id='word_1_109' title='bbox 761 1682 1106 1732; x_wconf 85' lang='lat' dir='ltr'>Ouehtirardor</span> <span class='ocrx_word' id='word_1_110' title='bbox 1129 1701 1238 1732; x_wconf 85' lang='lat' dir='ltr'>cum</span> <span class='ocrx_word' id='word_1_111' title='bbox 1265 1683 1484 1732; x_wconf 88' lang='lat' dir='ltr'>omnibus</span> <span class='ocrx_word' id='word_1_112' title='bbox 1514 1684 1650 1748; x_wconf 84' lang='lat' dir='ltr'>justis</span> <span class='ocrx_word' id='word_1_113' title='bbox 1672 1684 1975 1750; x_wconf 88' lang='lat' dir='ltr'>pertinentijs</span> <span class='ocrx_word' id='word_1_114' title='bbox 2003 1684 2093 1731; x_wconf 88' lang='lat' dir='ltr'>suis</span> <span class='ocrx_word' id='word_1_115' title='bbox 2119 1712 2128 1722; x_wconf 92' lang='lat'><strong>·</strong></span> <span class='ocrx_word' id='word_1_116' title='bbox 2160 1684 2414 1750; x_wconf 81' lang='lat' dir='ltr'>Tenendas</span> 
     </span>
     <span class='ocr_line' id='line_1_13' title="bbox 395 1771 2412 1837; baseline 0 -18"><span class='ocrx_word' id='word_1_117' title='bbox 395 1771 445 1819; x_wconf 90' lang='lat' dir='ltr'>in</span> <span class='ocrx_word' id='word_1_118' title='bbox 475 1771 673 1820; x_wconf 85' lang='lat' dir='ltr'>liberam</span> <span class='ocrx_word' id='word_1_119' title='bbox 702 1781 750 1820; x_wconf 89' lang='lat' dir='ltr'>et</span> <span class='ocrx_word' id='word_1_120' title='bbox 778 1788 948 1836; x_wconf 88' lang='lat' dir='ltr'>puram</span> <span class='ocrx_word' id='word_1_121' title='bbox 975 1780 1023 1820; x_wconf 91' lang='lat' dir='ltr'>et</span> <span class='ocrx_word' id='word_1_122' title='bbox 1050 1779 1332 1837; x_wconf 87' lang='lat' dir='ltr'>perpetuam</span> <span class='ocrx_word' id='word_1_123' title='bbox 1359 1771 1657 1820; x_wconf 76' lang='lat' dir='ltr'>elemosinam</span> <span class='ocrx_word' id='word_1_124' title='bbox 1688 1789 1798 1820; x_wconf 89' lang='lat' dir='ltr'>cum</span> <span class='ocrx_word' id='word_1_125' title='bbox 1832 1771 2053 1820; x_wconf 90' lang='lat' dir='ltr'>omnibus</span> <span class='ocrx_word' id='word_1_126' title='bbox 2084 1772 2146 1819; x_wconf 86' lang='lat' dir='ltr'>ad</span> <span class='ocrx_word' id='word_1_127' title='bbox 2177 1772 2412 1837; x_wconf 55' lang='lat' dir='ltr'>medietas</span> 
     </span>
     <span class='ocr_line' id='line_1_14' title="bbox 397 1858 2413 1924; baseline 0 -17"><span class='ocrx_word' id='word_1_128' title='bbox 397 1858 607 1908; x_wconf 83' lang='lat' dir='ltr'>ecclesias</span> <span class='ocrx_word' id='word_1_129' title='bbox 628 1859 753 1923; x_wconf 87' lang='lat' dir='ltr'>juste</span> <span class='ocrx_word' id='word_1_130' title='bbox 779 1858 1128 1924; x_wconf 90' lang='lat' dir='ltr'>pertinentibus</span> <span class='ocrx_word' id='word_1_131' title='bbox 1159 1858 1232 1907; x_wconf 84' lang='lat' dir='ltr'>ita</span> <span class='ocrx_word' id='word_1_132' title='bbox 1257 1858 1404 1908; x_wconf 87' lang='lat' dir='ltr'>libere</span> <span class='ocrx_word' id='word_1_133' title='bbox 1433 1869 1481 1908; x_wconf 90' lang='lat' dir='ltr'>et</span> <span class='ocrx_word' id='word_1_134' title='bbox 1515 1859 1672 1924; x_wconf 88' lang='lat' dir='ltr'>quiete</span> <span class='ocrx_word' id='word_1_135' title='bbox 1699 1858 1910 1924; x_wconf 84' lang='lat' dir='ltr'>plenarie</span> <span class='ocrx_word' id='word_1_136' title='bbox 1939 1867 1988 1907; x_wconf 93' lang='lat' dir='ltr'>et</span> <span class='ocrx_word' id='word_1_137' title='bbox 2014 1858 2272 1908; x_wconf 87' lang='lat' dir='ltr'>honorifice</span> <span class='ocrx_word' id='word_1_138' title='bbox 2298 1860 2413 1907; x_wconf 89' lang='lat' dir='ltr'>ficut</span> 
     </span>
     <span class='ocr_line' id='line_1_15' title="bbox 396 1946 2413 2014; baseline 0 -18"><span class='ocrx_word' id='word_1_139' title='bbox 396 1956 524 1996; x_wconf 87' lang='lat' dir='ltr'>carta</span> <span class='ocrx_word' id='word_1_140' title='bbox 547 1947 745 2013; x_wconf 68' lang='lat' dir='ltr'>prediffi</span> <span class='ocrx_word' id='word_1_141' title='bbox 773 1947 955 1996; x_wconf 90' lang='lat' dir='ltr'>comitis</span> <span class='ocrx_word' id='word_1_142' title='bbox 981 1946 1187 1996; x_wconf 79' lang='lat' dir='ltr'>Gilberti</span> <span class='ocrx_word' id='word_1_143' title='bbox 1208 1948 1332 2013; x_wconf 86' lang='lat' dir='ltr'>juste</span> <span class='ocrx_word' id='word_1_144' title='bbox 1356 1949 1551 1997; x_wconf 83' lang='lat' dir='ltr'>testatur</span> <span class='ocrx_word' id='word_1_145' title='bbox 1577 1976 1587 1986; x_wconf 91' lang='lat'><strong>·</strong></span> <span class='ocrx_word' id='word_1_146' title='bbox 1614 1947 1832 1996; x_wconf 88' lang='lat' dir='ltr'>Testibus</span> <span class='ocrx_word' id='word_1_147' title='bbox 1858 1947 2066 1996; x_wconf 88' lang='lat' dir='ltr'>Ricardo</span> <span class='ocrx_word' id='word_1_148' title='bbox 2090 1949 2149 1997; x_wconf 88' lang='lat' dir='ltr'>de</span> <span class='ocrx_word' id='word_1_149' title='bbox 2172 1948 2413 2014; x_wconf 83' lang='lat' dir='ltr'>prebenda</span> 
     </span>
     <span class='ocr_line' id='line_1_16' title="bbox 395 2034 2409 2101; baseline -0.001 -17"><span class='ocrx_word' id='word_1_150' title='bbox 395 2035 561 2084; x_wconf 92' lang='lat' dir='ltr'>clerico</span> <span class='ocrx_word' id='word_1_151' title='bbox 594 2053 699 2084; x_wconf 92' lang='lat' dir='ltr'>meo</span> <span class='ocrx_word' id='word_1_152' title='bbox 731 2064 741 2074; x_wconf 92' lang='lat'><strong>·</strong></span> <span class='ocrx_word' id='word_1_153' title='bbox 775 2035 1012 2084; x_wconf 89' lang='lat' dir='ltr'>Willelmo</span> <span class='ocrx_word' id='word_1_154' title='bbox 1040 2035 1282 2101; x_wconf 87' lang='lat' dir='ltr'>capellano</span> <span class='ocrx_word' id='word_1_155' title='bbox 1310 2052 1416 2084; x_wconf 91' lang='lat' dir='ltr'>meo</span> <span class='ocrx_word' id='word_1_156' title='bbox 1449 2064 1458 2074; x_wconf 93' lang='lat'><strong>·</strong></span> <span class='ocrx_word' id='word_1_157' title='bbox 1488 2035 1645 2084; x_wconf 87' lang='lat' dir='ltr'>Alano</span> <span class='ocrx_word' id='word_1_158' title='bbox 1672 2034 1772 2084; x_wconf 89' lang='lat' dir='ltr'>filio</span> <span class='ocrx_word' id='word_1_159' title='bbox 1796 2034 2005 2084; x_wconf 88' lang='lat' dir='ltr'>Rolland</span> <span class='ocrx_word' id='word_1_160' title='bbox 2032 2035 2372 2085; x_wconf 84' lang='lat' dir='ltr'>constabulario</span> <span class='ocrx_word' id='word_1_161' title='bbox 2400 2064 2409 2073; x_wconf 90' lang='lat'><strong>·</strong></span> 
     </span>
     <span class='ocr_line' id='line_1_17' title="bbox 395 2122 2411 2177; baseline 0 -6"><span class='ocrx_word' id='word_1_162' title='bbox 395 2122 650 2177; x_wconf 78' lang='lat' dir='ltr'>COalcolmo</span> <span class='ocrx_word' id='word_1_163' title='bbox 678 2122 774 2172; x_wconf 87' lang='lat' dir='ltr'>filio</span> <span class='ocrx_word' id='word_1_164' title='bbox 798 2123 984 2172; x_wconf 89' lang='lat' dir='ltr'>comitis</span> <span class='ocrx_word' id='word_1_165' title='bbox 1015 2122 1272 2172; x_wconf 86' lang='lat' dir='ltr'>Dunecani</span> <span class='ocrx_word' id='word_1_166' title='bbox 1308 2151 1320 2162; x_wconf 91' lang='lat'><strong>·</strong></span> <span class='ocrx_word' id='word_1_167' title='bbox 1355 2122 1540 2177; x_wconf 62' lang='lat' dir='ltr'>malifio</span> <span class='ocrx_word' id='word_1_168' title='bbox 1570 2122 1667 2172; x_wconf 91' lang='lat' dir='ltr'>filio</span> <span class='ocrx_word' id='word_1_169' title='bbox 1699 2123 1884 2172; x_wconf 89' lang='lat' dir='ltr'>comitis</span> <span class='ocrx_word' id='word_1_170' title='bbox 1906 2123 2095 2172; x_wconf 87' lang='lat' dir='ltr'>fferteth</span> <span class='ocrx_word' id='word_1_171' title='bbox 2129 2122 2366 2172; x_wconf 88' lang='lat' dir='ltr'>Willelmo</span> <span class='ocrx_word' id='word_1_172' title='bbox 2402 2151 2411 2161; x_wconf 89' lang='lat'><strong>·</strong></span> 
     </span>
     <span class='ocr_line' id='line_1_18' title="bbox 396 2210 2409 2277; baseline -0.001 -17"><span class='ocrx_word' id='word_1_173' title='bbox 396 2210 611 2260; x_wconf 80' lang='lat' dir='ltr'>Galfrido</span> <span class='ocrx_word' id='word_1_174' title='bbox 663 2239 674 2250; x_wconf 91' lang='lat'><strong>·</strong></span> <span class='ocrx_word' id='word_1_175' title='bbox 725 2211 940 2260; x_wconf 91' lang='lat' dir='ltr'>Roberto</span> <span class='ocrx_word' id='word_1_176' title='bbox 983 2239 993 2250; x_wconf 91' lang='lat'><strong>·</strong></span> <span class='ocrx_word' id='word_1_177' title='bbox 1045 2211 1201 2259; x_wconf 85' lang='lat' dir='ltr'>Crach</span> <span class='ocrx_word' id='word_1_178' title='bbox 1252 2239 1262 2249; x_wconf 91' lang='lat'><strong>·</strong></span> <span class='ocrx_word' id='word_1_179' title='bbox 1313 2210 1590 2260; x_wconf 85' lang='lat' dir='ltr'>Alexandro</span> <span class='ocrx_word' id='word_1_180' title='bbox 1636 2210 1911 2260; x_wconf 81' lang='lat' dir='ltr'>vicecomite</span> <span class='ocrx_word' id='word_1_181' title='bbox 1963 2211 2023 2259; x_wconf 88' lang='lat' dir='ltr'>de</span> <span class='ocrx_word' id='word_1_182' title='bbox 2074 2210 2348 2277; x_wconf 87' lang='lat' dir='ltr'>Streuyllyn</span> <span class='ocrx_word' id='word_1_183' title='bbox 2399 2239 2409 2249; x_wconf 90' lang='lat'><strong>·</strong></span> 
     </span>
     <span class='ocr_line' id='line_1_19' title="bbox 400 2298 2408 2365; baseline 0 -19"><span class='ocrx_word' id='word_1_184' title='bbox 400 2298 660 2365; x_wconf 89' lang='lat' dir='ltr'>Radulpho</span> <span class='ocrx_word' id='word_1_185' title='bbox 705 2299 963 2348; x_wconf 87' lang='lat' dir='ltr'>camerario</span> <span class='ocrx_word' id='word_1_186' title='bbox 1015 2327 1026 2338; x_wconf 91' lang='lat'><strong>·</strong></span> <span class='ocrx_word' id='word_1_187' title='bbox 1076 2299 1287 2348; x_wconf 90' lang='lat' dir='ltr'>Henrico</span> <span class='ocrx_word' id='word_1_188' title='bbox 1332 2299 1390 2348; x_wconf 90' lang='lat' dir='ltr'>de</span> <span class='ocrx_word' id='word_1_189' title='bbox 1440 2299 1651 2365; x_wconf 81' lang='lat' dir='ltr'>Kynroff</span> <span class='ocrx_word' id='word_1_190' title='bbox 1691 2328 1701 2338; x_wconf 92' lang='lat'><strong>·</strong></span> <span class='ocrx_word' id='word_1_191' title='bbox 1742 2299 1951 2348; x_wconf 84' lang='lat' dir='ltr'>Ricardo</span> <span class='ocrx_word' id='word_1_192' title='bbox 1990 2298 2087 2347; x_wconf 88' lang='lat' dir='ltr'>filio</span> <span class='ocrx_word' id='word_1_193' title='bbox 2136 2299 2358 2365; x_wconf 83' lang='lat' dir='ltr'>Hugonis</span> <span class='ocrx_word' id='word_1_194' title='bbox 2399 2327 2408 2337; x_wconf 91' lang='lat'><strong>·</strong></span> 
     </span>
     <span class='ocr_line' id='line_1_20' title="bbox 395 2387 2411 2454; baseline 0 -19"><span class='ocrx_word' id='word_1_195' title='bbox 395 2387 620 2454; x_wconf 89' lang='lat' dir='ltr'>Philippo</span> <span class='ocrx_word' id='word_1_196' title='bbox 643 2387 893 2443; x_wconf 68' lang='lat' dir='ltr'>mariscallo</span> <span class='ocrx_word' id='word_1_197' title='bbox 919 2415 931 2427; x_wconf 93' lang='lat'><strong>·</strong></span> <span class='ocrx_word' id='word_1_198' title='bbox 969 2387 1205 2437; x_wconf 91' lang='lat' dir='ltr'>Willelmo</span> <span class='ocrx_word' id='word_1_199' title='bbox 1229 2388 1288 2436; x_wconf 93' lang='lat' dir='ltr'>de</span> <span class='ocrx_word' id='word_1_200' title='bbox 1312 2388 1532 2442; x_wconf 76' lang='lat' dir='ltr'>COorauia</span> <span class='ocrx_word' id='word_1_201' title='bbox 1557 2417 1567 2427; x_wconf 88' lang='lat'><strong>·</strong></span> <span class='ocrx_word' id='word_1_202' title='bbox 1604 2387 1898 2437; x_wconf 88' lang='lat' dir='ltr'>Allexandro</span> <span class='ocrx_word' id='word_1_203' title='bbox 1920 2387 2017 2436; x_wconf 92' lang='lat' dir='ltr'>filio</span> <span class='ocrx_word' id='word_1_204' title='bbox 2042 2387 2201 2436; x_wconf 90' lang='lat' dir='ltr'>Thore</span> <span class='ocrx_word' id='word_1_205' title='bbox 2228 2416 2237 2425; x_wconf 95' lang='lat'><strong>·</strong></span> <span class='ocrx_word' id='word_1_206' title='bbox 2263 2387 2411 2453; x_wconf 86' lang='lat' dir='ltr'>Apud</span> 
     </span>
    </p>
   </div>
   <div class='ocr_carea' id='block_1_5' title="bbox 399 2475 1417 2542">
    <p class='ocr_par' dir='ltr' id='par_1_5' title="bbox 399 2475 1417 2542">
     <span class='ocr_line' id='line_1_21' title="bbox 399 2475 1417 2542; baseline 0 -19"><span class='ocrx_word' id='word_1_207' title='bbox 399 2475 670 2542; x_wconf 83' lang='lat' dir='ltr'>Streuyllyn</span> <span class='ocrx_word' id='word_1_208' title='bbox 693 2476 877 2525; x_wconf 87' lang='lat' dir='ltr'>decimo</span> <span class='ocrx_word' id='word_1_209' title='bbox 900 2476 1042 2526; x_wconf 89' lang='lat' dir='ltr'>tertio</span> <span class='ocrx_word' id='word_1_210' title='bbox 1070 2477 1147 2526; x_wconf 91' lang='lat' dir='ltr'>die</span> <span class='ocrx_word' id='word_1_211' title='bbox 1173 2476 1381 2542; x_wconf 83' lang='lat' dir='ltr'>Augusti</span> <span class='ocrx_word' id='word_1_212' title='bbox 1405 2502 1417 2515; x_wconf 91' lang='lat'><strong>·</strong></span> 
     </span>
    </p>
   </div>
   <div class='ocr_carea' id='block_1_6' title="bbox 401 2721 2412 2890">
    <p class='ocr_par' dir='ltr' id='par_1_6' title="bbox 401 2721 2412 2890">
     <span class='ocr_line' id='line_1_22' title="bbox 403 2721 2412 2805; baseline 0 -17"><span class='ocrx_word' id='word_1_213' title='bbox 403 2721 725 2788; x_wconf 82' lang='lat' dir='ltr'>Confirmatio</span> <span class='ocrx_word' id='word_1_214' title='bbox 748 2738 871 2804; x_wconf 88' lang='lat' dir='ltr'>regis</span> <span class='ocrx_word' id='word_1_215' title='bbox 897 2737 1123 2787; x_wconf 89' lang='lat' dir='ltr'>Willelmi</span> <span class='ocrx_word' id='word_1_216' title='bbox 1153 2740 1290 2805; x_wconf 91' lang='lat' dir='ltr'>super</span> <span class='ocrx_word' id='word_1_217' title='bbox 1317 2740 1455 2788; x_wconf 85' lang='lat' dir='ltr'>terris</span> <span class='ocrx_word' id='word_1_218' title='bbox 1490 2739 1550 2787; x_wconf 91' lang='lat' dir='ltr'>de</span> <span class='ocrx_word' id='word_1_219' title='bbox 1573 2738 1807 2805; x_wconf 87' lang='lat' dir='ltr'>Ardenny</span> <span class='ocrx_word' id='word_1_220' title='bbox 1833 2739 2135 2790; x_wconf 89' lang='lat' dir='ltr'>Achlonxich</span> <span class='ocrx_word' id='word_1_221' title='bbox 2168 2741 2412 2790; x_wconf 90' lang='lat' dir='ltr'>Duffindir</span> 
     </span>
     <span class='ocr_line' id='line_1_23' title="bbox 401 2824 730 2890; baseline -0.003 -17"><span class='ocrx_word' id='word_1_222' title='bbox 401 2824 693 2890; x_wconf 76' lang='lat' dir='ltr'>COaddirdyn</span> <span class='ocrx_word' id='word_1_223' title='bbox 718 2852 730 2864; x_wconf 92' lang='lat'><strong>·</strong></span> 
     </span>
    </p>
   </div>
   <div class='ocr_carea' id='block_1_7' title="bbox 315 2983 2411 3155">
    <p class='ocr_par' dir='ltr' id='par_1_7' title="bbox 315 2983 2411 3155">
     <span class='ocr_line' id='line_1_24' title="bbox 315 2983 2411 3067; baseline 0.002 -20"><span class='ocrx_word' id='word_1_224' title='bbox 315 2997 377 3047; x_wconf 80' lang='lat'>73</span> <span class='ocrx_word' id='word_1_225' title='bbox 404 2983 704 3051; x_wconf 87' lang='lat' dir='ltr'>Willelmus</span> <span class='ocrx_word' id='word_1_226' title='bbox 728 3000 805 3049; x_wconf 90' lang='lat' dir='ltr'>dei</span> <span class='ocrx_word' id='word_1_227' title='bbox 827 3001 979 3066; x_wconf 86' lang='lat' dir='ltr'>gratia</span> <span class='ocrx_word' id='word_1_228' title='bbox 1001 3019 1087 3050; x_wconf 87' lang='lat' dir='ltr'>rex</span> <span class='ocrx_word' id='word_1_229' title='bbox 1113 3001 1386 3051; x_wconf 88' lang='lat' dir='ltr'>Scottorum</span> <span class='ocrx_word' id='word_1_230' title='bbox 1410 3002 1626 3051; x_wconf 91' lang='lat' dir='ltr'>omnibus</span> <span class='ocrx_word' id='word_1_231' title='bbox 1649 3001 1808 3067; x_wconf 89' lang='lat' dir='ltr'>probis</span> <span class='ocrx_word' id='word_1_232' title='bbox 1830 3001 2100 3051; x_wconf 91' lang='lat' dir='ltr'>hominibus</span> <span class='ocrx_word' id='word_1_233' title='bbox 2123 3002 2266 3052; x_wconf 86' lang='lat' dir='ltr'>totius</span> <span class='ocrx_word' id='word_1_234' title='bbox 2290 3013 2411 3052; x_wconf 86' lang='lat' dir='ltr'>terre</span> 
     </span>
     <span class='ocr_line' id='line_1_25' title="bbox 402 3087 2411 3155; baseline 0.001 -19"><span class='ocrx_word' id='word_1_235' title='bbox 402 3090 478 3136; x_wconf 90' lang='lat' dir='ltr'>sue</span> <span class='ocrx_word' id='word_1_236' title='bbox 502 3087 679 3136; x_wconf 89' lang='lat' dir='ltr'>clericis</span> <span class='ocrx_word' id='word_1_237' title='bbox 704 3096 751 3135; x_wconf 88' lang='lat' dir='ltr'>et</span> <span class='ocrx_word' id='word_1_238' title='bbox 774 3087 903 3136; x_wconf 87' lang='lat' dir='ltr'>laicis</span> <span class='ocrx_word' id='word_1_239' title='bbox 927 3088 1120 3138; x_wconf 85' lang='lat' dir='ltr'>salutem</span> <span class='ocrx_word' id='word_1_240' title='bbox 1147 3118 1157 3128; x_wconf 91' lang='lat'><strong>·</strong></span> <span class='ocrx_word' id='word_1_241' title='bbox 1186 3088 1350 3139; x_wconf 86' lang='lat' dir='ltr'>Sciant</span> <span class='ocrx_word' id='word_1_242' title='bbox 1372 3090 1608 3155; x_wconf 89' lang='lat' dir='ltr'>presentes</span> <span class='ocrx_word' id='word_1_243' title='bbox 1632 3099 1680 3139; x_wconf 91' lang='lat' dir='ltr'>et</span> <span class='ocrx_word' id='word_1_244' title='bbox 1701 3089 1848 3138; x_wconf 83' lang='lat' dir='ltr'>futuri</span> <span class='ocrx_word' id='word_1_245' title='bbox 1871 3107 1947 3138; x_wconf 90' lang='lat' dir='ltr'>me</span> <span class='ocrx_word' id='word_1_246' title='bbox 1971 3091 2224 3139; x_wconf 86' lang='lat' dir='ltr'>conceffiffe</span> <span class='ocrx_word' id='word_1_247' title='bbox 2248 3100 2295 3139; x_wconf 90' lang='lat' dir='ltr'>et</span> <span class='ocrx_word' id='word_1_248' title='bbox 2322 3090 2411 3139; x_wconf 86' lang='lat' dir='ltr'>hac</span> 
     </span>
    </p>
   </div>
  </div>
 </body>
</html>
