2808 3926
498 368 561 412 30
1259 366 1736 418 REGISTRUM

499 520 803 570 donationem
831 520 959 569 illam
991 537 1133 586 quam
1164 521 1231 569 eis
1255 520 1481 569 Tristram
1509 521 1642 570 dedit
1673 521 1843 570 scilicet
1872 537 2021 568 vnum
2056 520 2258 568 croftum
2285 520 2335 568 in
2364 521 2502 570 terri-

499 609 618 657 torio
641 609 721 657 suo
745 610 804 657 de
829 607 1178 657 Eddardoncch
1201 608 1328 672 quod
1350 609 1417 657 est
1446 608 1758 674 propinquius
1784 610 1947 674 stagno
1977 607 2236 656 molendini
2263 608 2322 656 de
2347 608 2503 673 Gorty

499 697 654 744 versus
695 696 925 744 orientem
964 695 1033 743 ita
1072 694 1217 743 libere
1263 703 1311 743 et
1357 695 1528 766 quiete·
1561 696 1676 744 ficut
1721 695 1913 744 liberius
1959 703 2007 743 et
2052 694 2262 759 quiecius
2306 695 2502 760 predicti

500 785 726 833 Tristram
777 793 906 832 carta
955 772 1151 831 testatur
1192 811 1203 821 ·
1258 783 1345 830 Hii
1383 784 1491 832 sunt
1536 784 1675 832 testes
1720 811 1731 822 ·
1774 783 1823 833 G
1865 783 2220 832 archidiaconus
2256 783 2503 831 Abbraam

498 871 765 938 capellanus
815 870 1002 919 comitis
1059 870 1245 919 Bricius
1296 872 1492 936 persona
1538 871 1598 920 de
1651 871 1792 920 Orefe
1845 870 2094 937 Philippus
2151 871 2210 919 de
2255 870 2504 924 melkinch

498 959 731 1008 Ricardus
763 958 892 1013 miles
925 959 984 1008 de
1014 958 1232 1025 Kynbuk
1263 958 1499 1007 Ricardus
1532 959 1711 1008 Inneth
1748 985 1760 998 ·
1792 959 1844 1007 N
1847 958 2057 1008 icholaus
2089 959 2148 1007 de
2179 957 2465 1024 Dolpatrick
2490 985 2502 996 ·

498 1047 736 1095 Henricus
765 1046 888 1095 filius
918 1046 1145 1095 Tristram
1178 1046 1423 1096 Galfridus
1452 1047 1512 1095 de
1545 1046 1674 1096 Gask
1697 1047 1934 1102 coakbeth
1956 1047 2079 1096 filius
2104 1046 2250 1095 Brani
2282 1045 2504 1097 Gilmech

495 1137 554 1185 de
578 1136 778 1185 Dunine
801 1145 848 1185 et
871 1135 1010 1184 multi
1033 1135 1110 1201 alij
1141 1163 1153 1174 ·

500 1384 660 1451 Carta
683 1401 743 1451 de
766 1402 931 1450 decem
953 1401 1122 1449 marcis
1146 1401 1196 1449 in
1221 1401 1422 1451 Petcarn
1449 1430 1458 1440 ·

407 1575 471 1621 30
499 1561 757 1627 Omnibus
791 1576 876 1624 has
910 1575 1067 1624 literas
1102 1575 1262 1624 visuris
1296 1575 1370 1625 vel
1403 1576 1635 1625 audituris
1669 1576 1879 1631 COalifius
1921 1596 2077 1627 comes
2118 1579 2177 1627 de
2221 1579 2503 1647 Stratheryn

495 1666 621 1714 filius
644 1675 692 1714 et
722 1665 857 1713 heres
885 1663 1054 1719 malifii
1085 1664 1325 1728 quondam
1355 1661 1538 1713 comitis
1570 1664 1629 1713 de
1669 1663 1954 1731 Stratheryn
1988 1665 2183 1716 salutem
2215 1678 2425 1717 eternam
2454 1669 2503 1716 in

441 1786 448 1791 -
498 1755 691 1804 domino
709 1754 954 1803 Noueritis
986 1770 1072 1801 nos
1104 1753 1337 1819 affignafl’e
1359 1753 1579 1802 abbatem
1602 1762 1650 1802 et
1681 1762 1972 1803 conuentum
1995 1756 2055 1805 de
2080 1756 2235 1805 Insula
2258 1756 2504 1810 COifl‘arum

498 1844 560 1892 ad
599 1843 765 1891 decem
804 1858 988 1890 marcas
1022 1840 1209 1906 argenti
1243 1840 1304 1889 de
1338 1848 1612 1889 tenemento
1647 1842 1802 1890 nostro
1842 1842 1903 1890 de
1938 1842 2142 1892 Petcarn
2175 1845 2422 1893 annuatim
2457 1854 2505 1894 et

495 1933 547 1979 in
587 1940 875 1997 perpetuum
909 1929 1237 1995 percipiendas
1277 1929 1338 1977 ad
1373 1928 1492 1976 duos
1537 1928 1650 1977 anni
1684 1929 1911 1978 terminos
1945 1930 2164 1980 videlicet
2201 1933 2504 1982 medietatem

497 2020 558 2067 ad
603 2019 772 2067 festum
813 2017 1090 2066 Penticostis
1131 2026 1179 2065 et
1216 2016 1355 2065 aliam
1395 2015 1700 2066 medietatem
1736 2016 1797 2064 ad
1836 2017 2005 2066 festum
2043 2018 2184 2068 sancti
2222 2020 2422 2074 martini
2455 2021 2505 2069 in

496 2126 634 2174 yeme
678 2136 689 2146 -
733 2106 896 2164 Quare
931 2105 1149 2166 volumus
1189 2105 1492 2154 concedimus
1538 2114 1586 2156 et
1631 2105 1829 2154 firmiter
1873 2107 2179 2173 precipiendo
2225 2109 2505 2159 mandamus

500 2195 737 2248 COakbeth
767 2194 863 2243 filio
894 2193 1176 2242 Ferchware
1198 2192 1345 2242 libero
1376 2193 1560 2242 tenenti
1583 2193 1741 2241 nostro
1775 2193 1972 2259 predifflai
2003 2197 2263 2245 tenementi
2293 2206 2341 2245 et
2368 2197 2505 2248 here-

499 2285 638 2333 dibus
660 2283 752 2332 suis
774 2282 848 2331 vel
875 2281 1108 2348 affignatis
1139 2280 1492 2346 quibuscunque
1520 2289 1753 2346 quatenus
1785 2281 1902 2330 nulli
1932 2281 2214 2332 balliuorum
2241 2286 2505 2335 nostrorum

497 2391 586 2422 nec
609 2372 750 2421 alicui
778 2371 855 2420 alii
885 2372 968 2419 nifi
999 2369 1332 2419 tantummodo
1363 2370 1523 2420 abbati
1546 2380 1594 2420 et
1618 2370 1854 2420 canonicis
1883 2371 1942 2420 de
1962 2371 2221 2423 Inchaffrin
2244 2374 2317 2423 vel
2341 2393 2505 2424 eorum

500 2460 733 2526 aflignatis
762 2460 821 2508 de
852 2459 1072 2525 predictis
1096 2459 1260 2507 decem
1283 2458 1449 2512 coarcis
1478 2459 1540 2507 ad
1571 2458 1717 2508 dhstos
1749 2459 1976 2508 terminos
2004 2460 2321 2526 persoluendis
2349 2463 2503 2528 aliquo

500 2559 713 2612 tempore
736 2547 1047 2612 respondeant
1069 2547 1148 2595 sed
1179 2546 1363 2595 easdem
1393 2546 1586 2613 prefatis
1618 2546 1838 2613 religiosis
1860 2547 1934 2596 vel
1962 2566 2125 2597 eorum
2152 2551 2402 2599 attornatis
2426 2552 2503 2600 seu

499 2637 731 2703 affignatis
755 2638 871 2684 ficut
901 2635 1163 2701 predithm
1194 2637 1259 2684 est
1282 2636 1485 2686 fideliter
1514 2646 1563 2686 et
1596 2637 1769 2702 absque
1801 2637 2011 2703 dampno
2035 2638 2271 2688 dilationis
2294 2640 2503 2706 plenarie

501 2724 767 2790 persoluant
800 2752 811 2763 ·
846 2725 906 2771 In
930 2726 1063 2789 cujus
1094 2724 1164 2773 rei
1187 2725 1507 2774 testimonium
1536 2725 1829 2792 presentibus
1862 2726 2061 2793 sigillum
2090 2730 2297 2777 nostrum
2329 2732 2504 2796 apponi

500 2813 698 2862 fecimus
734 2840 745 2851 ·
788 2813 920 2861 Data
952 2812 1082 2878 apud
1115 2812 1403 2879 Innyrpefyr
1439 2814 1490 2861 in
1527 2814 1724 2863 crastino
1764 2815 2142 2864 annunciationis
2179 2817 2315 2866 beate
2347 2818 2502 2872 COarie

503 2901 717 2967 Virginis
740 2918 865 2953 anno
887 2900 1035 2966 gratie
1058 2900 1292 2954 millesimo
1317 2906 1418 2950 ccm⁰
1442 2903 1716 2969 octogesimo
1738 2903 1877 2952 tertio
1904 2932 1914 2942 ·
