2808 3926
483 367 544 411 24
1247 361 1723 412 REGISTRUM

486 588 645 655 Carta
671 604 867 654 Roberti
891 605 1040 670 Regis
1064 604 1124 653 de
1148 604 1288 653 terris
1312 604 1371 653 de
1398 603 1623 670 Oardnay
1650 633 1661 643 ·

395 786 458 830 22
483 763 746 830 Robertus
770 780 846 828 dei
869 779 1021 846 gratia
1044 779 1152 828 Rex
1179 778 1455 828 Scottorum
1479 779 1700 828 omnibus
1723 780 1882 846 probis
1905 779 2175 828 hominibus
2198 781 2342 830 totius
2367 789 2488 831 terre

481 871 557 918 sue
587 878 685 918 tam
717 868 895 918 clericis
929 886 1072 934 quam
1105 867 1235 917 laicis
1270 867 1466 917 salutem
1500 895 1512 907 ·
1551 868 1717 917 Sciant
1744 869 1984 934 presentes
2021 878 2069 918 et
2094 869 2242 918 futuri
2278 888 2365 918 nos
2403 888 2488 936 pro

478 957 622 1006 salute
657 958 813 1006 anime
845 958 998 1006 nostre
1033 966 1080 1006 et
1115 975 1201 1023 pro
1237 956 1383 1006 salute
1415 958 1681 1006 animarum
1703 958 2077 1024 predecessorum
2108 967 2155 1006 et
2187 959 2488 1007 successorum

478 1047 742 1095 nostrorum
769 1063 936 1112 regum
971 1045 1129 1095 Scotie
1157 1045 1329 1095 dediffe
1358 1056 1406 1095 et
1435 1046 1692 1095 concessisse
1719 1056 1767 1095 et
1788 1046 1878 1095 hac
1902 1055 2032 1095 carta
2064 1048 2221 1096 nostra
2253 1047 2489 1098 irreuoca-

475 1133 629 1182 biliter
663 1133 954 1182 confirmasse
989 1133 1078 1182 deo
1113 1143 1161 1182 et
1196 1132 1382 1182 ecclesie
1415 1134 1556 1182 sancti
1588 1134 1822 1184 Johannis
1857 1133 2073 1200 Apostoli
2108 1142 2157 1184 et
2187 1135 2490 1201 Euangeliste

478 1224 537 1271 de
569 1222 728 1271 Insula
755 1222 998 1275 missarum
1027 1231 1075 1271 et
1107 1222 1344 1271 canonicis
1378 1222 1554 1271 ibidem
1589 1223 1680 1271 deo
1712 1223 2020 1271 seruientibus
2056 1232 2104 1271 et
2139 1223 2489 1290 imperpetuum

475 1310 714 1360 seruituris
743 1319 892 1359 totam
919 1319 1094 1359 terram
1124 1311 1331 1359 nostram
1361 1311 1421 1359 de
1452 1310 1682 1377 Cardnuy
1712 1319 1759 1359 et
1783 1311 1842 1359 de
1865 1310 2168 1377 Dolcorachy
2193 1312 2243 1360 in
2267 1312 2489 1379 thanagio

478 1399 537 1447 de
564 1399 819 1464 fforteuyot
847 1415 956 1447 cum
983 1398 1282 1464 pertinentiis
1312 1398 1592 1447 Tenendam
1622 1408 1671 1447 et
1700 1398 1968 1447 habendam
1994 1399 2166 1448 eisdem
2189 1399 2415 1466 Religiofis
2438 1402 2488 1449 in

477 1486 674 1536 liberam
703 1504 872 1551 puram
894 1495 942 1535 et
964 1496 1245 1552 perpetuam
1280 1485 1577 1534 elemosinam
1618 1487 1713 1535 fine
1748 1486 1906 1551 aliquo
1946 1487 2264 1536 retinemento
2298 1488 2347 1535 in
2379 1506 2487 1554 per-

479 1585 677 1641 petuum
700 1592 787 1640 per
809 1591 972 1623 omnes
994 1575 1143 1623 rectas
1166 1582 1318 1622 metas
1341 1583 1389 1622 et
1414 1573 1583 1622 diuisas
1606 1574 1711 1623 suas
1734 1583 1782 1623 et
1806 1592 1915 1623 cum
1946 1575 2165 1624 omnibus
2196 1576 2489 1624 libertatibus

479 1662 893 1712 commoditatibus
927 1670 975 1710 et
1006 1659 1287 1710 aifiamentis
1317 1661 1408 1709 suis
1436 1661 1487 1709 in
1518 1661 1664 1710 boscis
1688 1671 1736 1710 et
1759 1661 1913 1728 planis
1941 1663 2090 1729 pratis
2121 1673 2168 1711 et
2194 1665 2373 1729 pascuis
2402 1664 2489 1713 viis

479 1763 526 1800 et
561 1749 731 1799 semitis
765 1749 910 1798 moris
945 1758 993 1797 et
1028 1748 1265 1802 COarrefiis
1299 1748 1434 1813 aquis
1467 1748 1644 1814 stagnis
1677 1748 1898 1797 multuris
1921 1749 2200 1804 molendinis
2226 1752 2417 1817 petariis
2441 1762 2489 1801 et

478 1837 699 1887 turbariis
743 1837 794 1884 in
829 1835 1223 1902 aucupationibus
1255 1836 1588 1885 venationibus
1632 1837 1905 1885 nemoribus
1950 1847 1998 1886 et
2034 1838 2239 1903 piscariis
2286 1849 2334 1888 et
2379 1857 2487 1888 cum

481 1926 701 1975 omnibus
735 1924 837 1973 aliis
864 1924 1002 1989 justis
1034 1923 1336 1990 pertinentiis
1368 1924 1460 1972 suis
1495 1933 1590 1972 tam
1627 1941 1725 1972 non
1760 1925 2014 1974 nominatis
2049 1943 2187 1991 quam
2236 1928 2489 1976 nominatis

481 2014 542 2062 ad
576 2013 746 2062 didtam
780 2022 954 2061 terram
983 2011 1333 2078 pertinentibus
1364 2021 1448 2059 aut
1478 2012 1525 2059 in
1558 2012 1777 2077 posterim
1805 2013 2043 2078 pertinere
2073 2014 2337 2063 valentibus
2370 2015 2489 2064 adeo

479 2102 624 2150 libere
658 2110 706 2149 et
746 2100 903 2165 quiete
942 2099 1126 2166 integre
1164 2098 1377 2165 plenarie
1415 2098 1610 2165 pacifice
1651 2108 1698 2147 et
1736 2099 1995 2149 honorifice
2034 2102 2094 2149 ab
2131 2102 2261 2150 omni
2295 2103 2488 2152 seruicio

480 2188 672 2238 seculari
702 2187 945 2237 exactione
969 2185 1123 2235 seruili
1146 2186 1481 2235 consuetudine
1503 2186 1582 2235 seu
1607 2186 1844 2236 demanda
1866 2206 1959 2253 que
1982 2206 2068 2254 per
2091 2207 2177 2238 nos
2200 2200 2282 2239 aut
2312 2192 2488 2241 succes-

481 2280 601 2325 sores
633 2277 811 2324 nostros
847 2275 898 2323 in
943 2274 1166 2340 posterim
1196 2273 1310 2322 inde
1342 2282 1571 2339 poterunt
1605 2273 1732 2340 exigi
1762 2276 1840 2324 seu
1874 2276 2153 2326 demandari
2186 2280 2301 2328 ficut
2334 2279 2488 2344 aliqua

483 2375 608 2414 terra
630 2364 916 2413 elimofinata
938 2363 987 2411 in
1011 2373 1113 2412 toto
1135 2379 1284 2427 regno
1308 2363 1464 2411 nostro
1488 2380 1548 2411 ex
1571 2362 1697 2412 dono
1722 2380 1897 2429 Regum
1924 2358 2082 2414 Scotie
2115 2367 2487 2432 predecessorum

483 2456 743 2504 nostrorum
766 2452 957 2501 liberius
980 2452 1185 2517 quietius
1211 2451 1398 2517 plenius
1429 2452 1508 2502 seu
1538 2451 1925 2501 honorificentius
1952 2463 2141 2503 tenetur
2168 2473 2251 2504 seu
2286 2458 2486 2522 poffide-

484 2553 563 2592 tur
610 2569 621 2580 ·
671 2541 731 2588 In
771 2541 907 2606 cujus
950 2540 1019 2588 rei
1065 2539 1380 2588 testimonium
1426 2539 1629 2604 presenti
1675 2550 1801 2589 carte
1846 2542 2000 2590 nostre
2037 2543 2237 2609 sigillum
2275 2545 2485 2593 nostrum

485 2630 772 2697 precipimus
816 2628 994 2695 apponi
1040 2656 1052 2667 ·
1099 2628 1209 2676 Hiis
1254 2628 1446 2676 testibus
1491 2627 1737 2678 Bernardo
1782 2629 1974 2679 Abbate
2019 2631 2078 2679 de
2120 2631 2485 2682 Aberbrothock

486 2717 762 2767 cancellario
793 2717 947 2764 nostro
971 2742 983 2755 ·
1023 2715 1233 2765 Roberto
1262 2715 1432 2764 abbate
1455 2715 1515 2763 de
1547 2715 1874 2783 Dunfermlyn
1905 2745 1916 2757 ·
1952 2718 2207 2772 malcolmo
2231 2721 2400 2770 comite
2425 2722 2484 2769 de

483 2806 721 2871 Leuynax
747 2832 758 2842 ·
783 2803 1001 2852 Johanne
1020 2802 1079 2851 de
1101 2801 1353 2854 COeneteth
1371 2827 1384 2841 ·
1411 2801 1629 2852 Gilberto
1647 2804 1706 2852 de
1726 2804 1869 2871 Haya
1893 2833 1904 2843 ·
1931 2805 2139 2871 Hugone
2154 2807 2214 2856 de
2228 2808 2373 2857 Ertht
2397 2835 2409 2847 ·
2434 2819 2483 2858 et

485 2893 696 2942 Roberto
720 2891 780 2940 de
811 2890 959 2939 Keith
980 2888 1242 2944 marascallo
1265 2889 1420 2938 nostro
1446 2889 1607 2940 Scotie
1639 2890 1864 2946 militibus
1890 2921 1900 2931 ·
1935 2894 2065 2960 apud
2087 2893 2290 2945 Fontem
2317 2896 2482 2946 Scocie

483 2982 562 3030 xvi
584 2983 660 3031 die
683 2979 924 3044 Februarij
949 2996 1074 3028 anno
1096 2977 1229 3045 regni
1252 2978 1394 3027 nostri
1417 2980 1580 3028 octauo
1605 3007 1617 3018 ·
