2756 3926
372 373 456 416 150

373 504 437 543 H’.
456 504 640 551 seruiens,
660 502 724 544 75.

371 568 462 615 Hal,
476 568 612 618 judex,
630 566 773 606 xxxvii.

375 632 566 677 Hawden,
584 630 804 670 Bernardus
822 628 885 675 de,
902 627 930 667 l.

375 696 541 743 Hawok,
570 693 782 748 (Hauock),
809 690 1023 730 willelmus
1049 688 1162 738 filius,
1188 687 1254 736 38,
1279 687 1346 736 39,

478 760 542 807 40,
562 759 626 797 41.

369 823 526 874 Hawys,
553 833 691 873 sponsa
703 820 870 859 Walteri'
888 819 1042 870 pistoris
1060 818 1110 857 de
1126 817 1260 864 Perth,
1278 816 1345 865 41,

474 887 540 924 42.

327 966 330 970 ’
368 951 494 1001 Haya,
512 949 643 987 Dauid
661 949 721 995 de,
742 949 807 989 71.

454 1023 458 1029 ·’
493 1013 694 1052 Gilbertus
711 1013 774 1060 de,
789 1012 853 1059 24,
873 1012 991 1050 xxxii.

366 1102 476 1121 ,——
492 1068 690 1116 Johannes
709 1078 769 1124 de,
792 1077 855 1124 12,
877 1076 940 1124 19,
959 1089 1050 1115 xxv.

493 1142 659 1180 Thomas
677 1141 739 1188 de,
759 1141 808 1179 de
825 1140 1118 1188 Lochorwarde‚
1136 1139 1218 1178 xlii.

490 1205 705 1245 Willelmus
723 1206 785 1253 de,
805 1205 976 1252 clericus,
995 1217 1086 1244 xxv.

366 1269 571 1317 Henricus,
591 1269 657 1309 29.
1186 1314 1188 1316 ¹

489 1334 793 1381 archidiaconus,
812 1332 876 1380 68,
897 1331 962 1380 69,
983 1331 1047 1379 74,
1067 1330 1134 1372 76.

496 1398 546 1436 de
592 1397 831 1449 Streuyllyn,
867 1397 970 1436 filius
1005 1396 1157 1436 comitis
1202 1394 1343 1442 David,

474 1462 540 1501 19.

364 1546 473 1557 ——--——
489 1526 589 1564 filius
609 1525 788 1572 Galfridi,
808 1525 875 1563 41.

486 1590 588 1629 filius
604 1590 812 1637 Malcolmi‚
832 1588 898 1628 66.

487 1655 587 1692 filius
606 1654 805 1700 Tristram‚
827 1653 864 1700 9,
884 1652 949 1699 15,
968 1651 1035 1700 30,
1055 1651 1120 1699 54,
1140 1648 1206 1698 58,
1226 1649 1291 1690 60.

362 1718 538 1765 Hetoun,
557 1717 758 1756 ,Iohannes
775 1717 839 1764 de,
857 1715 923 1764 69,
943 1715 1008 1756 74.

488 1782 670 1829 Th0mas,
690 1779 756 1822 71.

361 1846 595 1893 Hostiarius,
616 1845 830 1893 Gralfridus,
851 1843 916 1885 74.

362 1910 556 1958 Howden‚
575 1910 797 1949 Bernardus
815 1909 878 1956 de,
892 1910 919 1948 1.

362 1976 668 2022 Huchterardor,
707 1971 1077 2027 (Ouehterardouar,
1112 1973 1343 2013 Eochterar-

468 2038 570 2091 dor),
589 2040 617 2078 .Ϊ
618 2040 787 2079 ohannes
805 2039 906 2077 filius
923 2038 1128 2089 presbiteri
1140 2037 1342 2089 burgensis

468 2104 529 2151 de,
548 2105 692 2142 xxxvii.

362 2167 494 2218 Hugo,
513 2169 581 2206 34.

487 2231 718 2282 capellanus,
739 2229 803 2278 70,
823 2229 888 2271 75.

362 2296 495 2347 Hugo,
515 2297 616 2334 filius
634 2295 796 2334 Henrici
813 2294 982 2342 firmarii,
1002 2293 1068 2334 62.

360 2361 554 2412 Hugonis,
572 2361 774 2408 Ricardus,
793 2360 907 2408 filius,
926 2358 992 2400 70.

363 2487 644 2536 Incmmm,
697 2486 957 2540 (Inchaffryn)
1015 2487 1135 2526 abbas
1183 2488 1233 2527 de
1274 2486 1338 2538 A',

468 2553 600 2590 xxxiii.

488 2617 606 2654 abbas
624 2616 686 2663 de,
705 2615 866 2662 Alanus,
881 2613 947 2662 46,
966 2615 1032 2662 53,
1051 2614 1116 2654 54.

487 2682 604 2719 abbas
623 2680 684 2724 de,
702 2680 768 2726 34,
782 2679 847 2725 35,
862 2677 927 2726 37,
941 2679 1007 2726 40,
1022 2678 1088 2726 41,
1102 2678 1168 2728 43,
1187 2680 1253 2729 44,
1271 2682 1338 2730 45,

467 2745 532 2791 48,
548 2745 613 2791 50,
629 2734 693 2789 51,
708 2744 773 2791 53,
789 2743 855 2790 54,
869 2743 935 2790 55,
950 2742 1016 2790 58,
1030 2743 1096 2791 59,
1111 2743 1177 2792 60,
1192 2745 1256 2794 62,
1271 2746 1337 2786 63,

469 2809 533 2856 64,
553 2808 617 2856 65,
637 2808 701 2855 69,
723 2806 787 2855 73,
808 2807 871 2855 75,
892 2806 957 2854 79,
977 2807 1041 2855 80,
1060 2808 1178 2848 xxxii.

485 2874 602 2911 abbas
621 2873 683 2920 de,
705 2872 907 2919 Cristinus,
926 2871 979 2910 xl.
998 2871 1094 2911 xliii.

485 2938 602 2976 abbas
620 2938 680 2984 de,
698 2936 831 2987 Hugo,
850 2936 915 2983 49,
933 2936 1064 2975 xxxvi.

485 3003 603 3041 abbas
621 3002 684 3049 de,
704 3000 968 3047 Innocentius,
986 2999 1117 3039 xxviii.

359 3087 464 3098 —
484 3067 600 3106 abbas
618 3066 680 3115 de,
697 3065 922 3113 willelmus,
940 3061 1034 3104 xlvi.

1085 364 1300 409 INDEX
1333 361 1694 409 NOMINUM..

1413 495 1643 547 Inchaffery,
1661 495 1837 534 canonici
1849 496 1912 542 de,
1926 497 1990 543 13,
2006 497 2070 544 27,
2086 497 2150 544 28,
2166 497 2231 544 29,
2245 498 2311 545 30,
2326 498 2392 545 32,

1518 559 1585 606 33,
1605 558 1670 607 37,
1690 559 1755 607 39,
1775 559 1840 607 56,
1859 561 1925 608 57,
1944 561 2009 608 59,
2030 561 2094 608 64,
2113 561 2178 609 69,
2199 560 2263 609 71,
2283 563 2348 602 73.

1411 643 1521 654 ——-·
1536 623 1744 662 canonicus
1761 623 1824 671 de,
1844 625 2023 673 Thomas,
2044 626 2109 664 51.

1536 688 1756 738 capellanus
1774 688 1836 736 de,
1855 689 1921 728 53.

1537 752 1824 791 commendator
1850 753 1902 799 of,
1930 753 2008 792 and
2033 753 2077 792 of
2096 753 2288 792 Icolmkill
2312 754 2391 792 and

1517 814 1761 867 Archbishop
1785 816 1830 855 of
1854 817 2033 865 Athenis,
2059 817 2295 865 Alexander,
2322 816 2388 857 lvi.

1517 878 1598 918 lvii.

1536 943 1705 982 Michael
1722 943 1783 991 de,
1803 944 1869 984 49.

1534 1008 1639 1058 prior
1657 1007 1719 1055 de,
1738 1008 1870 1058 Hugo,
1889 1009 2047 1047 xxxviii.

1534 1072 1639 1122 prior
1657 1072 1708 1120 of,
1726 1072 1834 1111 John
1850 1073 2033 1121 Maneris,
2051 1073 2129 1112 lvii.

1536 1136 1643 1186 prior
1661 1136 1724 1183 de,
1743 1137 1771 1175 J
1774 1163 1796 1184 .‚
1816 1136 1882 1176 68.

1533 1200 1638 1251 prior
1656 1201 1719 1249 de,
1738 1201 1776 1248 8,
1797 1201 1834 1241 9.

1408 1263 1694 1317 Inchemartyn,
1713 1266 1894 1304 dominus
1911 1266 1940 1305 J
1941 1266 2111 1304 ohannes
2129 1266 2191 1312 de,
2210 1267 2277 1306 xli.
2292 1268 2388 1307 xliii.

1408 1328 1662 1380 Innerpeffry,
1681 1330 1884 1369 Johannes
1903 1331 1965 1375 de,
1984 1331 2051 1370 xli.
2070 1331 2165 1370 xliii.

1407 1392 1564 1441 Inneth,
1583 1394 1785 1442 Ricardus,
1804 1395 1870 1433 30.

1407 1457 1553 1505 Insula,
1574 1458 1767 1497 cristinus
1785 1460 1846 1506 de,
1861 1459 2071 1498 vicecomes
2089 1460 2139 1498 de
2152 1460 2284 1508 Perth,
2296 1461 2361 1498 42.

1535 1522 1753 1561 Godfridus·
1767 1523 1828 1570 de,
1849 1523 2047 1575 (dominus
2066 1524 2115 1562 de
2128 1523 2273 1576 Wyst,)
2292 1524 2357 1562 51.

1532 1587 1700 1625 Thomas
1718 1588 1780 1635 de,
1799 1588 1865 1625 42.

1406 1713 1460 1752 J’.
1478 1724 1677 1762 memus,
1695 1715 1762 1762 22,
1781 1715 1846 1753 54.

1407 1778 1558 1825 Jacobi,
1578 1779 1718 1817 Petrus
1736 1779 1848 1826 filius,
1869 1778 1933 1817 62.

1531 1842 1709 1893 Rogerus
1726 1844 1839 1890 filius,
1859 1842 1923 1881 62.

1406 1906 1435 1945 J
1436 1907 1590 1954 acobus,
1610 1907 1711 1945 filius
1723 1907 1886 1957 Wgena,
1902 1906 1966 1956 62.

1406 1972 1435 2010 J
1436 1971 1619 2019 ohannes,
1652 1972 1944 2011 archidiaconus
1971 1972 2022 2011 de
2056 1971 2300 2024 Stratheryn,
2322 1974 2385 2020 11,

1514 2035 1577 2083 16,
1597 2035 1663 2075 26.

1413 2125 1513 2132 -—-
1530 2101 1764 2151 capellanus,
1786 2100 1823 2141 9.

1529 2165 1689 2203 clericus
1702 2165 1851 2204 comitis
1869 2165 1919 2204 de
1938 2165 2182 2217 Stratheryn,
2196 2166 2261 2205 21.

1529 2229 1703 2277 clericus,
1722 2228 1786 2277 75,
1806 2228 1871 2269 76.

1528 2294 1630 2331 filius
1646 2293 1806 2341 Baltini,
1824 2292 1891 2334 37.

1403 2382 1512 2389 —
1529 2358 1631 2396 filius
1648 2358 1793 2405 Dauid,
1813 2357 1879 2396 41.

1528 2423 1629 2460 filius
1651 2422 1831 2468 Gilberti,
1850 2423 1903 2462 xl.
1919 2422 2018 2462 xliii.

1527 2487 1630 2524 filius
1646 2486 1818 2534 Henrici,
1835 2487 2036 2534 firmarius,
2056 2485 2120 2526 62.

1380 2551 1383 2554 ”
1403 2574 1510 2582 --—
1526 2551 1628 2589 filius
1645 2550 1836 2589 «Iohannis
1856 2551 2019 2602 Gomyn‚
2037 2550 2103 2590 56.

1527 2614 1628 2653 fflius
1641 2614 1798 2665 judicis,
1817 2614 1884 2655 37.

1403 2702 1510 2711 --——
1526 2680 1628 2718 filius
1645 2680 1849 2730 presbiteri
1874 2679 2078 2729 burgensis
2105 2678 2155 2718 de
2181 2678 2380 2720 Huehter-

1509 2743 1636 2790 ardor,
1654 2744 1799 2782 xxxvii.

1525 2807 1627 2845 filius
1662 2806 1833 2854 Ricardi‚
1869 2806 2037 2845 balliuus
2073 2807 2123 2846 de
2151 2807 2285 2855 Perth,
2313 2808 2378 2855 42,

1507 2870 1653 2909 xxxvii.

1525 2935 1644 2974 frater
1663 2933 1840 2982 Galffidi,
1859 2934 1924 2973 41.

1400 3020 1507 3028 ---
1523 2999 1708 3046 notarius,
1727 2999 1886 3038 clericus
1908 2999 2097 3051 Symonis,
2114 3000 2141 3039 l.

1525 3064 1769 3112 senescallus,
1786 3063 1851 3112 33,
1871 3063 1936 3102 55.
