2756 3926
1104 388 1187 429 DE
1226 365 1670 429 INCHAFFI'ERY.
2322 385 2401 425 121

389 522 536 565 Fowlis
557 538 685 580 super
705 523 927 567 duodecim
947 522 1142 566 mercatis
1165 528 1372 564 terrarum
1396 520 1449 563 de
1479 520 1670 562 Ncwraw
1697 525 1742 561 et
1769 525 1952 575 quatuor
1974 517 2170 560 mercatis
2194 524 2399 560 terrarum

383 608 624 644 vocatarum
656 602 864 646 Kirkland
893 602 946 644 de
976 601 1169 658 Maderty
1200 614 1296 644 cum
1328 608 1449 657 prato
1483 605 1633 641 vocato
1664 597 1772 640 Kirk
1801 597 1924 640 medo
1958 604 2003 640 et
2032 597 2155 640 terris
2185 598 2238 640 de
2268 598 2401 654 Wyn-

382 679 547 722 minhill
578 696 657 724 vna
685 696 783 724 cum
812 679 1032 738 privilegio
1061 679 1251 723 lucrandi
1286 677 1473 722 fodiendi
1502 676 1724 720 duodecim
1754 675 1890 719 dietas
1919 682 2112 733 petax-um
2139 677 2183 719 in
2208 677 2402 720 occiden-

311 809 314 812 .
381 758 536 801 talibus
556 759 764 802 merresiis
783 759 837 802 de
857 758 1093 815 Incheffray
1116 757 1350 801 Reddendo
1374 756 1472 799 inde
1496 755 1714 798 annuatim
1735 770 1941 798 summam
1966 755 2177 799 sexdecim
2199 756 2399 800 librarum

382 844 542 892 septem
576 838 802 882 solidorum
835 845 880 881 et
904 844 1085 895 quatuor
1108 836 1374 880 denariorum
1405 850 1502 878 cum
1526 834 1619 878 aliis
1649 834 1980 892 prestationibus
2005 836 2231 879 consuetis.
2290 838 2403 880 Data

383 917 462 958 sub
482 917 694 960 communi
714 917 853 974 sigillo
873 923 1002 975 atque
1023 914 1403 973 subscriptionibus
1423 914 1692 957 manualibus
1712 920 1945 957 conventus
1965 914 2080 972 apud
2099 915 2399 958 monasterium

383 996 434 1038 de
457 997 690 1055 Incheffray
713 998 767 1040 10
789 997 889 1039 Feb.
913 996 1037 1039 1558.

330 1230 358 1270 4
383 1231 638 1288 Preceptum
660 1232 799 1276 sasine
819 1232 966 1275 datum
987 1233 1135 1276 eodem
1156 1231 1237 1274 die.

329 1463 356 1504 5
383 1467 716 1509 Instrumentum
738 1466 876 1509 sasine
897 1466 941 1508 in
962 1466 1119 1510 eisdem
1141 1465 1266 1510 terris
1286 1466 1432 1509 datum
1456 1466 1510 1508 16
1533 1464 1794 1522 Septembris
1811 1465 1919 1508 A.D.
1943 1465 2069 1508 1559.

329 1698 355 1738 6
381 1702 620 1759 Discharge
651 1704 706 1760 by
728 1703 972 1747 Alexander
1004 1703 1271 1760 Archbishop
1302 1703 1352 1746 of
1375 1703 1555 1746 Athenis
1584 1710 1628 1745 to
1656 1703 1764 1746 dene
1789 1703 1939 1746 Patrik
1969 1705 2143 1750 Murrav
2164 1705 2279 1747 vicar
2308 1720 2403 1761 por-

380 1782 517 1826 tionar
537 1785 586 1825 of
609 1784 761 1826 Fowlis
782 1785 848 1826 for
867 1784 940 1826 the
961 1799 1114 1827 sowme
1133 1785 1183 1827 of
1207 1784 1321 1827 tuelf
1343 1784 1555 1826 hundreth
1583 1783 1737 1840 pundis
1762 1784 1854 1827 that
1873 1784 1908 1827 is
1929 1791 1974 1827 to
1994 1799 2069 1842 say
2088 1799 2166 1828 ane
2187 1785 2398 1828 thousand

381 1863 534 1918 pundis
554 1863 620 1904 for
639 1863 711 1906 the
731 1864 812 1906 few
833 1863 882 1905 of
892 1863 964 1906 the
984 1863 1121 1906 landis
1141 1863 1258 1907 callit
1278 1863 1350 1906 the
1370 1862 1484 1905 tuelf
1495 1863 1615 1906 merk
1635 1862 1772 1905 landis
1793 1863 1842 1905 of
1859 1863 2048 1906 Newraw
2069 1864 2141 1906 the
2162 1864 2259 1906 four
2278 1866 2398 1907 merk

381 1941 478 1983 land
500 1941 616 1984 callit
636 1942 708 1984 the
731 1943 839 1984 Kirk
859 1942 959 1985 land
979 1943 1028 1984 of
1042 1942 1227 1999 Madirty
1248 1941 1348 1984 with
1372 1941 1444 1984 the
1467 1941 1575 1984 Kirk
1595 1942 1756 1984 medow
1776 1942 1860 1984 and
1879 1942 1952 1985 the
1973 1941 2110 1986 landis
2130 1944 2180 1986 of
2193 1944 2399 2001 Wynmil-

378 2020 455 2062 hill
485 2020 567 2063 and
597 2021 668 2064 the
697 2028 918 2064 remanent
947 2027 1022 2064 tua
1050 2020 1262 2063 hundreth
1292 2020 1448 2077 pundis
1476 2020 1543 2063 for
1572 2020 1645 2064 the
1674 2019 1792 2063 fewis
1819 2020 1869 2063 of
1892 2020 1965 2064 the
1989 2022 2116 2065 Ward
2149 2023 2248 2080 Hay
2270 2037 2399 2078 grene

379 2100 547 2143 Todhill
567 2101 650 2143 and
670 2101 741 2143 the
773 2099 982 2143 Kirkland
1002 2099 1051 2142 of
1076 2099 1262 2142 Kinkell.
1325 2099 1448 2143 Givin
1471 2099 1607 2143 under
1626 2100 1698 2143 the
1726 2114 1944 2143 commone
1965 2099 2058 2143 seill
2082 2101 2165 2143 and
2186 2101 2399 2158 supscrip·

379 2178 536 2222 tiounis
558 2179 743 2222 manuall
759 2179 866 2222 A.D.
889 2180 1014 2222 1559.

330 2411 355 2455 7
380 2416 507 2459 Carta
535 2415 775 2459 feudifirme
797 2416 852 2458 ab
871 2415 1021 2458 eodem
1050 2415 1165 2458 facta
1193 2428 1271 2471 pro
1301 2429 1466 2457 summa
1491 2414 1606 2458 mille
1638 2415 1838 2458 librarum
1867 2416 2037 2458 domino
2068 2416 2253 2459 Patricio
2280 2417 2398 2460 Mur-

377 2510 452 2552 ray
481 2495 636 2538 vicario
666 2495 931 2552 pensionario
961 2496 1014 2538 de
1045 2493 1197 2537 Fowlis
1226 2508 1355 2551 super
1392 2494 1614 2537 duodecim
1652 2494 1847 2538 mercatis
1887 2503 2092 2539 terrarum
2123 2497 2176 2540 de
2204 2497 2395 2540 Newraw

379 2581 560 2630 quatuor
588 2573 784 2618 mercatis
813 2580 1019 2617 terrarum
1048 2572 1426 2617 ecclesiasticarum
1460 2580 1701 2616 vocatarum
1740 2573 1949 2616 Kirkland
1982 2574 2036 2618 de
2068 2576 2263 2634 Maderty
2298 2592 2393 2621 cum

378 2662 498 2710 prato
538 2664 687 2698 vocato
730 2654 962 2697 Kirkmedo
997 2661 1041 2697 et
1080 2653 1203 2697 terris
1238 2653 1291 2696 de
1319 2651 1598 2709 Winmynhill
1633 2666 1729 2695 cum
1768 2652 2038 2709 pertinenciis
2071 2655 2312 2711 jacentibus
2351 2657 2393 2699 in

377 2734 550 2777 baronia
564 2734 617 2777 de
639 2733 822 2791 Caii-dny
837 2734 880 2775 in
901 2733 1084 2776 dominio
1104 2733 1157 2776 de
1178 2732 1413 2789 Incheffray
1429 2731 1662 2774 Reddendo
1677 2746 1882 2774 summam
1902 2733 2082 2789 pecunie
2097 2735 2393 2778 extendentem

378 2813 420 2854 in
449 2819 539 2855 toto
571 2813 624 2855 ad
647 2813 841 2856 vndecim
871 2813 1000 2855 libras
1023 2811 1310 2855 novemdecim
1332 2810 1488 2854 solidos
1514 2817 1558 2853 et
1586 2817 1769 2868 quatuor
1788 2811 1981 2855 denarios
2010 2827 2172 2856 necnon
2198 2814 2392 2857 horreum

379 2892 663 2935 molendinum
694 2899 738 2935 et
763 2893 816 2936 lie
844 2893 950 2935 miln
979 2893 1063 2934 leid
1089 2891 1135 2933 in
1164 2890 1336 2934 modum
1366 2889 1538 2933 solitum
1567 2889 1842 2933 sustentando
1868 2890 2159 2948 multurasque
2189 2893 2391 2936 soluendo

381 2971 579 3014 solvendo
604 2971 729 3014 etiam
755 2980 878 3014 catur
897 2979 934 3015 et
953 2973 1110 3028 officiar
1129 2985 1250 3014 corne
1268 2976 1488 3026 argentum
1510 2983 1560 3012 ac
1579 2968 1780 3012 stramina
1799 2968 1923 3012 solita
1941 2984 2023 3013 vna
2042 2984 2138 3013 cum
2161 2971 2281 3028 equis
2315 2986 2391 3028 pro

2071 3062 2100 3094 Q
