2756 3926
1130 369 1215 410 DE
1253 369 1696 412 INCHAFFERY.
2341 366 2424 408 123

403 501 523 543 terris
554 502 606 544 de
638 503 766 545 Ward
796 502 963 545 Todhill
993 510 1036 545 et
1071 504 1168 561 Hay
1198 518 1326 560 grene
1358 518 1454 547 cum
1484 503 1657 547 decimis
1691 501 1932 559 garbalibus
1962 499 2191 543 earundem
2221 499 2341 542 terris
2370 501 2422 542 de

402 580 690 637 Wynmynhill
705 595 800 624 cum
821 581 994 625 decimis
1005 582 1249 638 garbalibus
1264 584 1491 627 earundem
1506 598 1590 626 vna
1605 597 1701 626 cum
1721 581 1777 625 lie
1793 595 1923 637 grene
1939 580 2041 637 rysk
2057 577 2299 635 jacentibus
2314 577 2423 620 infra

403 659 618 717 Warddyk
639 668 683 704 et
702 661 908 705 Welcroft
926 676 1010 705 vna
1028 677 1125 706 cum
1145 672 1267 719 prato
1287 670 1436 706 vocato
1456 662 1639 720 priouris
1659 662 1820 705 medow
1836 659 1986 716 viginti
2006 658 2195 702 solidatis
2214 665 2421 700 terrarum

401 738 454 781 de
481 739 730 797 Thornyhill
758 739 862 783 alias
889 740 1077 784 Wallace
1101 741 1200 784 land
1224 756 1321 784 cum
1344 741 1516 785 decimis
1545 741 1789 798 garbalibus
1815 739 2047 783 earundem
2076 743 2199 794 prato
2229 743 2273 779 et
2302 751 2422 779 mora

401 818 590 861 eiusdem
626 833 708 877 que
742 833 860 863 mora
893 820 1104 863 bondatur
1134 826 1183 863 ut
1213 819 1407 878 sequitur
1434 819 1632 864 videlicet
1660 820 1715 863 lie
1746 819 1898 876 Calsey
1929 831 2012 876 que
2041 815 2160 860 ducit
2188 815 2243 859 ad
2273 814 2419 859 silvam

399 897 452 940 de
474 898 770 941 Inchecheviot
788 913 843 942 ex
863 898 1058 943 orientali
1084 906 1253 956 pratum
1281 906 1536 956 occupatum
1562 914 1639 956 per
1665 898 1920 942 Edwardum
1945 897 2131 942 Graham
2150 910 2204 939 ex
2225 895 2420 939 occiden-

402 976 477 1019 tali
496 976 610 1021 dicta
629 977 747 1034 sylva
765 978 818 1021 de
846 978 1146 1022 Inchecheviot
1175 993 1229 1021 ex
1251 978 1410 1022 boreali
1430 978 1486 1022 lie
1511 978 1680 1022 Eldaris
1706 978 1807 1022 land
1832 983 1877 1022 et
1899 976 2150 1033 Thornyhill
2170 990 2226 1020 ex
2245 975 2420 1019 australi

402 1056 594 1112 partibus
625 1071 674 1100 ac
703 1055 832 1100 etiam
862 1071 990 1114 super
1019 1057 1273 1115 quibusdam
1301 1058 1497 1102 domibus
1525 1063 1571 1100 et
1597 1056 1731 1101 hortis
1760 1064 1805 1100 et
1832 1056 1889 1100 lie
1918 1056 1998 1112 ged
2032 1055 2197 1099 stankis
2221 1061 2266 1098 et
2293 1068 2423 1111 super

400 1134 549 1190 viginti
571 1142 754 1192 quatuor
775 1135 964 1181 solidatis
990 1143 1197 1181 terrarum
1223 1138 1276 1181 de
1301 1136 1520 1180 Burnheid
1543 1144 1589 1181 et
1614 1136 1826 1180 Burnfute
1854 1150 1951 1180 cum
1978 1134 2153 1178 decimis
2177 1133 2421 1190 garbalibus

399 1215 628 1258 earundem
648 1201 814 1259 necnon
838 1230 967 1273 super
995 1216 1114 1272 sylva
1136 1216 1189 1259 de
1217 1216 1534 1259 Inchecheviott
1560 1222 1605 1259 et
1634 1216 1751 1273 petia
1776 1222 1888 1259 terre
1908 1221 2058 1258 vocata
2081 1215 2148 1258 the
2170 1214 2302 1257 Blair
2325 1226 2422 1255 cum

399 1294 573 1338 decimis
611 1294 856 1352 garbalibus
893 1294 1083 1338 eiusdem
1119 1294 1355 1339 Reddendo
1398 1295 1497 1339 inde
1543 1295 1761 1339 annuatim
1806 1308 2013 1338 summam
2052 1291 2204 1350 viginti
2242 1292 2420 1334 duarum

398 1374 601 1417 librarum
639 1380 685 1417 et
719 1388 795 1417 sex
829 1372 1061 1416 solidorum
1098 1387 1151 1417 ac
1189 1373 1443 1431 duplicando
1481 1374 1636 1418 dictam
1677 1373 1958 1417 feudifirmam
1999 1371 2176 1415 introitu
2217 1370 2422 1427 cuiusque

397 1452 576 1496 heredis.
635 1453 750 1496 Data
783 1453 863 1496 sub
891 1451 1104 1495 communi
1135 1451 1275 1508 sigillo
1310 1459 1440 1510 atque
1475 1452 1856 1510 subscriptionibus
1887 1451 2156 1495 manualibus
2191 1456 2423 1494 conventus

397 1532 512 1589 apud
531 1530 833 1574 monasterium
852 1530 905 1574 de
925 1530 1163 1588 Inchaffray
1184 1532 1238 1574 11
1250 1531 1421 1589 ,Aprilis
1441 1532 1550 1575 A.D.
1573 1534 1699 1576 1559.

322 1768 374 1808 11
399 1770 733 1812 Instrumentum
754 1767 890 1811 sasine
907 1768 952 1810 in
972 1767 1132 1811 eisdem
1152 1768 1299 1811 datum
1322 1769 1375 1814 17
1398 1769 1426 1812 J
1432 1769 1504 1826 ulij
1530 1770 1654 1813 1561.

323 2011 377 2051 12
401 2007 528 2050 Carta
558 2005 858 2049 feudifirmaria
878 2020 974 2049 cum
1005 2011 1206 2062 precepto
1236 2004 1374 2048 sasine
1395 2006 1449 2048 ab
1469 2005 1617 2048 eodem
1638 2006 1995 2050 commendatario
2024 2020 2102 2063 pro
2132 2020 2296 2049 summa
2325 2012 2421 2048 octo

400 2086 601 2129 librarum
625 2086 740 2128 facta
764 2085 947 2128 Patricio
973 2086 1124 2142 Smyth
1151 2085 1256 2128 alias
1277 2086 1436 2128 Baxtar
1455 2092 1499 2128 et
1518 2085 1611 2129 eius
1634 2085 1789 2143 sponse
1814 2101 1942 2144 super
1967 2086 2090 2131 terris
2109 2087 2270 2130 vocatis
2290 2086 2421 2130 Well-

401 2165 510 2208 croft
534 2179 615 2207 vna
639 2178 737 2207 cum
761 2164 956 2207 domibus
986 2163 1162 2207 edificiis
1186 2171 1230 2207 et
1255 2164 1358 2208 ortis
1387 2179 1465 2221 per
1493 2164 1607 2222 ipsos
1636 2180 1687 2209 ac
1717 2166 1912 2209 Finlaum
1945 2166 2094 2223 Smyth
2124 2166 2229 2209 alias
2261 2167 2421 2208 Baxtar

402 2250 564 2299 patrem
580 2242 682 2286 dieti
698 2243 869 2300 Patricij
893 2243 1110 2300 occupatis
1125 2242 1367 2300 jacentibus
1386 2243 1497 2286 inter
1515 2244 1571 2287 lie
1592 2244 1704 2287 Well
1720 2245 1864 2288 strand
1878 2260 1933 2288 ex
1948 2245 2200 2289 occidentali
2220 2253 2264 2288 et
2280 2252 2417 2288 ortum

399 2328 594 2364 vocatum
621 2322 750 2364 ducat
771 2322 886 2364 zaird
913 2337 968 2365 ex
989 2322 1184 2366 orientali
1211 2322 1429 2378 publicum
1449 2322 1590 2365 vicum
1612 2337 1696 2380 quo
1723 2323 1810 2366 itur
1828 2324 1883 2367 ad
1902 2324 2122 2368 ecclesiam
2143 2325 2196 2368 de
2217 2325 2416 2368 Madirtie

400 2415 454 2443 ex
482 2400 641 2444 boreali
661 2407 704 2444 et
729 2401 905 2444 croftam
926 2408 1117 2445 vocatam
1142 2401 1284 2444 Palice
1306 2402 1412 2444 croft
1432 2417 1487 2444 ex
1514 2402 1687 2445 australi
1709 2403 1900 2459 partibus
1919 2404 1963 2446 in
1984 2404 2158 2448 baronia
2176 2404 2229 2448 de
2252 2405 2419 2462 Cardny

400 2495 482 2523 vna
502 2494 599 2523 cum
626 2480 847 2537 privilegio
866 2480 1054 2525 fodiendi
1083 2481 1188 2524 duas
1209 2480 1343 2524 dietas
1362 2487 1556 2538 petarum
1577 2481 1619 2523 in
1641 2481 1891 2524 occidentali
1917 2482 2087 2526 marisio
2107 2483 2159 2526 de
2180 2484 2417 2541 Incheffray

399 2567 443 2603 et
462 2574 516 2602 ex
536 2565 656 2616 parte
676 2559 834 2602 boreali
854 2560 958 2603 silve
978 2561 1031 2603 de
1053 2559 1273 2603 Incheviot
1292 2560 1524 2603 Reddendo
1544 2559 1643 2603 inde
1654 2560 1870 2603 annuatim
1886 2561 2031 2604 decem
2047 2561 2203 2605 solidos
2222 2577 2305 2606 vna
2320 2578 2415 2606 cum

398 2641 563 2683 duabus
598 2639 777 2696 pultreis
812 2639 1012 2682 solvendo
1047 2639 1174 2682 etiam
1209 2638 1475 2682 herezeldam
1510 2653 1606 2682 cum
1643 2654 1719 2696 per
1752 2647 1930 2683 mortem
1968 2641 2195 2697 contigerit
2230 2657 2306 2685 seu
2337 2657 2414 2699 pro

398 2719 546 2762 eadem
581 2718 731 2774 viginti
766 2718 922 2761 solidos
956 2732 1120 2762 necnon
1155 2717 1411 2774 duplicando
1445 2717 1726 2761 feudifirmam
1759 2718 1938 2762 introitu
1972 2720 2200 2764 cuiuslibet
2233 2722 2410 2766 heredis.

398 2800 513 2842 Data
531 2799 611 2842 sub
631 2797 844 2842 communi
863 2797 1003 2854 sigillo
1024 2804 1152 2854 atque
1173 2796 1413 2853 subscripta
1433 2797 1546 2854 apud
1565 2797 1866 2841 monasterinm
1885 2798 1938 2841 de
1954 2799 2190 2857 Inchaffray
2211 2802 2266 2843 12
2288 2801 2416 2845 Octo-

399 2879 485 2922 bris
505 2879 612 2921 A.D.
635 2879 759 2921 1559.
