2756 3926
405 388 467 436 64
1167 382 1647 434 REGISTRUM

404 558 490 607 pro
513 539 755 589 voluntate
777 540 857 588 sua
884 538 1103 587 edificare
1127 546 1175 586 et
1203 537 1262 586 de
1285 536 1466 586 refiduo
1490 536 1694 585 duarum
1716 552 1932 584 acrarum
1954 553 2041 600 pro
2065 535 2308 584 voluntate
2331 537 2410 584 sua

407 629 650 694 disponere
686 655 698 666 ·
734 628 794 675 In
818 628 953 694 cujus
983 626 1053 674 rei
1084 625 1404 674 testimonium
1425 623 1625 690 figillum
1654 625 1863 672 nostrum
1892 623 2184 689 presentibus
2216 623 2411 672 fecimus

407 716 583 781 apponi
602 743 613 753 ·
633 714 743 780 Hijs
763 713 954 762 testibus
973 712 1164 761 domino
1181 711 1398 761 Gilberto
1417 712 1476 760 de
1493 710 1703 760 Rothfen
1724 738 1735 750 ·
1756 710 1947 760 domino
1966 711 1997 759 J
2001 710 2183 759 oachim
2197 710 2256 758 de
2273 711 2412 776 Kyn-

409 805 509 853 buk
544 831 556 843 ·
591 803 804 869 magistro
840 803 1047 851 Ricardo
1084 802 1145 850 de
1183 800 1459 867 Streuyllyn
1491 800 1767 849 cancellario
1801 800 1982 849 domini
2013 800 2196 848 comitis
2233 827 2244 838 ·
2280 800 2412 848 Lorn

410 893 557 947 mach
592 891 818 941 Gilherue
855 920 865 930 ·
901 892 1080 940 Jacobo
1114 891 1308 955 persona
1339 891 1399 939 de
1435 890 1637 938 Buffidir
1671 899 1718 938 et
1751 889 1911 937 multis
1942 888 2046 954 alijs
2082 917 2093 927 ·
2125 888 2257 937 Data
2286 889 2413 953 apud

412 981 568 1030 Creffe
598 980 647 1028 in
678 980 874 1029 crastino
897 980 1023 1029 beati
1057 979 1258 1035 COartini
1291 979 1340 1027 in
1373 996 1511 1045 yeme
1542 995 1667 1027 anno
1700 978 1849 1044 gratie
1880 977 2120 1027 millesimo
2144 985 2246 1027 cc²¹¹⁰
2280 979 2411 1027 sexa-

411 1071 582 1135 gefimo
604 1069 732 1118 sexto
757 1096 768 1108 ·

420 1315 581 1382 Carta
603 1333 662 1382 de
685 1333 949 1399 Abircarny
976 1361 987 1372 ·

328 1509 392 1557 65
419 1491 677 1559 Omnibus
707 1510 857 1559 sancte
885 1510 1043 1564 coatris
1074 1509 1258 1559 ecclefie
1284 1509 1393 1574 filijs
1425 1509 1610 1575 presens
1641 1507 1862 1575 scriptum
1893 1509 2054 1557 visuris
2082 1510 2156 1559 vel
2183 1513 2412 1562 audituris

415 1599 603 1648 Ysenda
628 1599 790 1664 sponsa
812 1598 994 1647 comitis
1027 1597 1235 1647 Gilberti
1262 1598 1322 1646 de
1359 1596 1640 1662 Stratheryn
1667 1596 1862 1645 salutem
1896 1625 1907 1636 ·
1946 1597 2114 1646 Sciatis
2142 1617 2218 1648 me
2253 1601 2412 1650 diuine

414 1687 620 1735 caritatis
654 1686 830 1735 intuitu
864 1703 949 1750 per
982 1685 1211 1734 affensum
1244 1684 1561 1751 prenominati
1597 1684 1780 1733 comitis
1815 1684 1996 1733 domini
2028 1686 2122 1734 mei
2157 1687 2330 1737 dediffe
2364 1700 2412 1739 et

410 1773 666 1823 conceflifl‘e
697 1782 744 1822 et
774 1772 864 1822 hac
893 1782 1023 1821 carta
1051 1790 1157 1820 mea
1180 1772 1468 1820 confirmasse
1492 1771 1653 1820 abbati
1683 1781 1730 1820 et
1761 1772 1996 1820 canonicis
2028 1773 2088 1821 de
2116 1773 2273 1823 Insula
2295 1777 2413 1830 0011-

408 1863 560 1911 sarum
584 1860 792 1926 quinque
823 1878 953 1908 acras
985 1869 1109 1908 terre
1140 1860 1190 1907 in
1212 1859 1321 1907 villa
1350 1877 1456 1907 mea
1483 1859 1542 1907 de
1571 1859 1844 1925 Abircarny
1876 1858 2006 1908 illam
2036 1860 2206 1909 scilicet
2237 1874 2413 1912 terram

408 1967 550 2014 quam
574 1949 743 1997 eisdem
766 1948 928 1997 abbati
951 1957 999 1996 et
1022 1946 1259 1995 canonicis
1291 1946 1449 2012 probis
1472 1946 1743 1995 hominibus
1774 1947 2065 2012 presentibus
2088 1951 2413 2014 perambulaui

406 2036 623 2085 videlicet
645 2036 838 2085 domino
863 2035 1070 2084 Ricardo
1092 2033 1237 2086 coilite
1261 2043 1309 2083 et
1335 2033 1551 2083 Galfrido
1576 2034 1634 2082 de
1660 2034 1788 2083 Gaflz
1809 2034 2032 2083 fratribus
2055 2037 2172 2085 meis
2199 2037 2411 2088 Henrico

409 2134 455 2173 et
479 2124 717 2172 Trestram
746 2122 855 2189 filijs
879 2122 1117 2171 Trestram
1141 2120 1377 2169 Willelmo
1406 2120 1573 2169 clerico
1605 2130 1652 2169 et
1675 2120 1834 2169 multis
1866 2121 1969 2186 alijs
2006 2149 2018 2161 ·
2055 2123 2309 2174 Tenendas
2332 2128 2413 2176 fibi

410 2213 460 2259 in
499 2220 779 2277 perpetuam
813 2209 1110 2258 elemosinam
1148 2208 1293 2258 libere
1328 2218 1376 2257 et
1410 2208 1569 2273 quiete
1605 2209 1668 2257 ab
1700 2208 1830 2257 omni
1862 2210 2056 2260 seruicio
2093 2221 2140 2260 et
2174 2215 2413 2265 exactione

412 2298 602 2348 seculari
630 2316 740 2347 cum
767 2297 1008 2346 communi
1040 2297 1226 2362 pastura
1249 2296 1499 2345 duodecim
1523 2313 1774 2344 vaccarum
1806 2306 1854 2345 et
1879 2298 2084 2347 duorum
2114 2317 2343 2365 equorum
2367 2314 2415 2353 et

413 2406 522 2436 cum
540 2387 758 2435 omnibus
781 2385 885 2451 alijs
908 2385 1205 2451 ayfiamentis
1229 2385 1437 2449 ejusdem
1459 2384 1677 2449 territorij
1700 2385 1762 2433 ad
1784 2393 1966 2433 tantam
1984 2395 2157 2435 terram
2171 2390 2415 2454 pertinen-

414 2476 540 2524 tibus
578 2503 588 2514 ·
625 2475 685 2521 In
709 2475 843 2539 cujus
866 2473 934 2521 rei
962 2472 1282 2521 testimonium
1306 2489 1453 2536 quum
1477 2489 1533 2521 eo
1565 2480 1778 2537 tempore
1801 2490 1894 2537 quo
1925 2473 2013 2522 hec
2036 2485 2164 2524 carta
2186 2477 2304 2526 faffia
2326 2479 2415 2528 fuit

412 2561 609 2628 sigillum
636 2560 880 2627 proprium
911 2577 1007 2608 non
1028 2559 1174 2607 habui
1202 2558 1313 2606 huic
1335 2558 1504 2623 scripto
1534 2557 1732 2624 figillum
1756 2559 1934 2607 domini
1965 2560 2159 2611 Abrahe
2193 2564 2416 2615 Dunbla-

414 2651 564 2698 nenfis
582 2648 783 2714 episcopi
801 2646 881 2712 qui
903 2646 1043 2711 hujus
1062 2645 1328 2694 donationis
1346 2645 1474 2693 testis
1498 2646 1563 2694 est
1581 2645 1709 2710 quod
1725 2646 1788 2694 ad
1804 2645 1895 2695 hoc
1912 2647 2006 2713 ipse
2024 2649 2139 2697 mihi
2157 2668 2416 2703 accommo-

414 2737 546 2785 dauit
568 2735 764 2802 apposui
789 2761 800 2774 ·
826 2743 877 2783 vt
906 2734 996 2782 hec
1019 2742 1177 2781 autem
1209 2749 1314 2781 mea
1341 2732 1532 2781 donatio
1561 2732 1610 2779 in
1632 2742 1917 2798 perpetuum
1939 2745 2050 2784 Rata
2079 2746 2127 2785 et
2149 2737 2418 2791 inconcussa

414 2824 644 2872 habeatur
676 2822 800 2870 hanc
834 2829 1013 2869 cartam
1046 2819 1401 2885 prenominatus
1436 2836 1592 2868 comes
1627 2820 1848 2869 dominus
1881 2839 2015 2870 meus
2049 2823 2099 2871 in
2133 2826 2313 2890 signum
2348 2830 2416 2878 sui

414 2911 656 2961 consensus
673 2908 806 2975 sigilli
827 2908 894 2956 sui
911 2907 1199 2974 appositione
1221 2907 1486 2956 roborando
1510 2908 1807 2957 confirmauit
1833 2935 1844 2948 ·
1873 2909 1984 2975 Hijs
2008 2912 2201 2961 testibus
2225 2915 2415 2966 domino

414 3000 656 3048 Abbraam
674 2996 1003 3047 Dunblanenfi
1027 2995 1239 3059 episcopo
1265 3022 1276 3034 ·
1299 2996 1348 3045 G
1373 3022 1384 3035 ·
1405 2994 1733 3044 archidiacono
1751 2996 1811 3045 de
1832 2996 2111 3066 Stratheryn
2132 3028 2143 3040 -
2163 3003 2220 3057 α)
2243 3032 2253 3042 .
2268 3005 2416 3055 senes-

417 3088 533 3137 callo
558 3087 740 3136 comitis
767 3113 778 3126 -
803 3083 1041 3140 makbeth
1057 3083 1220 3148 judice
1247 3111 1257 3122 ·
1283 3083 1328 3131 T
1356 3111 1365 3120 ·
1389 3082 1485 3133 filio
1509 3083 1710 3134 Arnaldi
1733 3094 1780 3134 et
1804 3085 1964 3135 multis
1987 3087 2090 3153 alijs
2116 3116 2128 3128 ·
