2756 3926
379 377 464 418 164

379 508 632 559 Dolcorachy,
652 508 718 547 24.

377 573 606 623 Dolpatryk,
625 573 861 612 territorium
880 573 942 620 de,
956 540 1022 621 14,
1040 574 1104 621 15,
1124 574 1189 622 58,
1206 574 1271 621 59,
1292 573 1356 612 60.

378 637 663 684 Donbathlach,
682 638 709 676 1.

379 701 630 752 Donydowis,
649 701 743 739 land.
761 700 812 746 of,
830 701 895 739 lvi.

384 765 620 811 Drumkroc,
641 766 706 803 44.

380 830 586 876 Duffindir,
596 829 875 881 (Drumfindyr‚
884 829 1101 876 Dubinder,
1113 830 1359 883 Doffyndre,)

486 892 524 940 7,
546 894 609 940 14,
632 894 694 940 15,
717 894 780 940 18,
800 894 865 941 25,
886 893 952 941 26,
973 893 1034 941 70,
1055 893 1118 934 71.

379 958 602 1004 Dunblanc,
623 958 689 1005 31,
710 959 776 997 52.

382 1022 617 1069 Dundovan,
637 1027 741 1061 terra
759 1023 820 1069 de,
839 1023 999 1062 xxxviii.
1019 1024 1094 1061 xlv.

378 1087 607 1138 Dunfallyn,
628 1087 665 1134 7,
682 1088 745 1134 18,
766 1087 830 1134 59,
851 1088 984 1127 xxviii.
1003 1089 1134 1126 xxxvi.

377 1151 627 1203 Dunkeldyn,
647 1151 882 1204 (Dunkeld‚)
897 1151 961 1199 72,
981 1151 1046 1193 79.

378 1216 590 1267 Dunnyne,
615 1215 833 1268 (Dunyne,)
862 1217 1022 1255 ecclesia
1047 1217 1181 1256 Sancti
1204 1217 1364 1257 Sex-vani

485 1281 547 1327 de,
569 1281 606 1326 8,
628 1280 692 1327 17,
716 1281 777 1327 18,
798 1281 862 1328 25,
883 1280 948 1328 27,
967 1281 1034 1320 28.

503 1346 728 1395 thanagium
747 1346 809 1393 dc,
830 1345 892 1391 16,
915 1345 978 1392 17,
998 1345 1065 1392 25,
1086 1346 1151 1384 55.

378 1409 674 1448 Dumblancnsis
691 1410 863 1457 ecclesia,
884 1410 949 1458 22,
968 1409 1033 1457 46,
1053 1411 1118 1448 24.

379 1473 581 1523 Dunning,
600 1474 729 1524 parish
748 1475 799 1521 of,
819 1475 950 1513 xxxiv.

378 1537 580 1589 Dunyduf,
601 1538 666 1585 44,
687 1537 751 1577 61.

376 1666 730 1713 EDDARDOENETH,
750 1666 815 1713 29,
834 1666 901 1704 30.

378 1730 622 1780 Edinburgh,
642 1730 697 1769 lii.

378 1795 478 1845 Egy,
498 1800 603 1833 terra
622 1794 683 1841 de,
703 1794 799 1834 xliii.

376 1859 499 1897 Elane
519 1859 665 1909 Tyrim,
684 1864 852 1898 castrum
870 1858 932 1906 de,
952 1859 1017 1897 51.

377 1924 499 1975 Eryn,
519 1922 709 1974 (Heryn,)
729 1924 881 1971 fluvius,
900 1923 939 1970 8,
961 1923 1025 1962 18.

501 1988 701 2027 castellum
719 1988 781 2035 de,
802 1986 839 2026 6.

377 2117 688 2164 FLECHIRFLAT,
712 2116 777 2156 60.

376 2182 619 2233 Fforteuyot,
638 2182 864 2232 thanagium
883 2181 945 2228 de,
965 2181 1030 2228 2l,
1050 2179 1115 2218 24.

377 2247 482 2285 Fons
502 2247 649 2294 Scocie,
669 2247 735 2284 24.

376 2311 643 2361 Fossedwege,
662 2316 777 2358 terra,
796 2310 900 2350 xxiv.

376 2377 520 2422 Foulis,
536 2376 698 2428 (Foglis,
717 2373 891 2425 Fowlis‚)
911 2374 976 2421 12,
995 2374 1060 2420 21,
1075 2373 1140 2417 34,
1159 2372 1186 2411 l.

376 2441 519 2487 Foulis,
548 2441 709 2479 ecclesia
731 2440 865 2479 Sancti
890 2439 1014 2478 Beani
1038 2438 1100 2484 de,
1134 2437 1171 2484 8,
1204 2436 1266 2485 18,
1294 2436 1358 2484 65,

484 2505 589 2544 xxiv.

501 2570 685 2607 mai-osius
705 2569 767 2616 de,
790 2569 826 2616 7,
850 2569 913 2607 18.

501 2634 589 2672 kirk
608 2634 659 2681 of,
678 2634 742 2672 lvi.

379 2765 576 2810 (hm-ns,
587 2767 703 2810 terra,
715 2761 817 2800 infra
830 2761 1056 2801 comitatum
1074 2759 1359 2807 Sutherlandie,

481 2829 520 2866 li.

380 2893 497 2940 Gask,
519 2891 583 2931 66.

502 2956 663 2996 ecclesia
681 2956 742 3003 de,
763 2954 827 3002 19,
847 2953 914 2993 31.

496 3021 657 3060 ecclesia
677 3021 819 3059 Sancte
839 3018 1043 3057 Trinitatis
1063 3019 1124 3066 de,
1144 3018 1248 3057 xxiv.

500 3086 666 3137 Nethyr,
686 3085 762 3123 xlv.

379 3152 567 3199 Gaknes,
586 3149 652 3198 36,
672 3149 738 3189 56.

1107 377 1316 420 INDEX
1352 375 1679 419 LOCORUM.

1427 507 1615 558 Gleneoy,
1635 512 1739 546 terra
1757 506 1818 554 de,
1838 508 1917 546 xlv.

1427 572 1738 623 Glendochryth,
1760 571 1825 611 79.

1428 637 1674 683 Glendouan,
1693 640 1798 674 terra
1815 635 1878 681 de,
1896 635 2003 673 xxiii.
2023 636 2102 674 xlv.

1429 701 1660 752 Ghmseruy,
1679 705 1785 739 terra
1803 700 1865 746 de,
1884 699 1983 738 xliii.

1428 766 1567 816 Gorty,
1587 765 1850 803 molendinum
1869 765 1931 810 de,
1951 764 2015 804 29.

1429 896 1701 941 chmxsm,
1719 899 1824 934 terra
1841 895 1903 942 de,
1923 895 2042 932 xxxii.

1428 960 1640 1006 Husabost,
1660 959 1727 999 51.

1426 1089 1766 1134 Incnmmmmssn,
1795 1085 1944 1138 (Insula
1969 1085 2206 1138 Missarum,)
2236 1087 2275 1134 3,
2304 1086 2341 1134 7,
2371 1087 2408 1134 8,

1535 1150 1854 1198 11,12,13,14‚
1879 1149 1943 1197 15,
1973 1149 2035 1195 16,
2065 1150 2128 1197 18,
2158 1151 2221 1198 19,
2250 1152 2315 1199 20,
2343 1152 2409 1199 21,

1535 1215 1601 1263 22,
1622 1215 1687 1262 23,
1707 1215 1772 1262 24,
1793 1214 1858 1262 25,
1877 1213 1943 1256 26.
1969 1214 2034 1261 28,
2063 1214 2127 1261 29,
2155 1215 2221 1263 30,
2250 1216 2315 1263 32,
2343 1217 2408 1261 33,

1535 1280 1601 1327 34,
1621 1280 1686 1327 35,
1706 1279 1771 1327 37,
1791 1279 1856 1326 38,
1879 1278 1945 1326 39,
1970 1279 2036 1326 43,
2064 1279 2129 1326 44,
2157 1278 2221 1327 47,
2251 1280 2315 1328 48,
2344 1281 2409 1327 49,

1537 1344 1602 1391 50,
1622 1345 1686 1391 51,
1707 1344 1771 1391 52,
1791 1344 1856 1390 54,
1882 1343 1947 1391 55,
1970 1342 2035 1390 56,
2064 1343 2129 1391 57,
2158 1344 2223 1391 58,
2252 1344 2315 1392 62,
2345 1344 2409 1392 63,

1534 1407 1600 1455 65,
1620 1407 1684 1455 66,
1706 1407 1770 1454 67,
1791 1406 1856 1454 70,
1881 1406 1944 1455 71,
1970 1408 2034 1455 73,
2064 1407 2128 1455 74,
2155 1406 2219 1457 76,
2248 1408 2312 1457 77,
2343 1408 2408 1450 78.

1426 1472 1794 1524 Inchmaquhomok,
1813 1472 1940 1510 insula
1957 1472 2021 1518 de,
2039 1473 2142 1510 xxxi.

1426 1536 1711 1588 Innvyrnavyr,
1730 1541 1837 1575 terra
1856 1537 1916 1582 de,
1937 1536 1975 1574 li.

1426 1600 1674 1653 Innyrpefyr,
1692 1601 1757 1648 30,
1776 1601 1910 1639 xxxiv.

1426 1665 1559 1704 Insula
1575 1665 1794 1712 Missarum,
1813 1665 1900 1704 vide
1918 1664 2147 1716 Inchaffery.

1426 1728 1644 1773 Inverness,
1663 1729 1754 1766 xliv.

1427 1793 1710 1844 Inverpeffray,
1729 1793 1796 1841 30,
1813 1793 1944 1831 xxxiv.

1427 1921 1762 1967 KANERRAMCH,
1782 1920 1849 1959 51.

1428 1986 1626 2037 Karynch,
1646 1989 1750 2024 terra
1764 1985 1824 2030 de,
1845 1985 1910 2022 51.

1426 2050 1576 2088 Kather
1592 2049 1787 2094 leuenaus,
1800 2049 2041 2101 Kyncardyn
2059 2050 2114 2097 in,
2130 2049 2264 2090 xxxiii.
2279 2050 2410 2089 xxxiv.

1424 2115 1694 2166 Kenaydhem,
1716 2108 1807 2154 villa
1825 2115 1887 2161 de,
1908 2114 1972 2161 15,
1992 2114 2056 2154 59.

1425 2179 1633 2226 Kenmore,
1653 2177 1720 2219 57.

1425 2243 1686 2288 Kinbethach,
1704 2242 1811 2280 xxiii.

1425 2308 1599 2358 Kippcn,
1623 2307 1784 2345 ecclesia
1802 2307 1863 2353 de,
1882 2306 1987 2344 xxxi.

1424 2371 1610 2421 Kulgasc,
1629 2376 1734 2410 terra
1752 2371 1813 2418 de,
1832 2370 1963 2408 xxviii.

1424 2435 1640 2487 Kylbryde,
1661 2435 1821 2474 ecclesia
1840 2435 1983 2473 Sancte
2001 2433 2164 2485 Brigide
2183 2433 2245 2481 de,
2265 2433 2302 2481 8,
2323 2434 2388 2472 18.

1426 2501 1587 2552 Kyllyn,
1605 2500 1766 2539 ecclesia
1784 2500 1846 2547 de,
1863 2498 1927 2545 79,
1948 2499 2013 2537 80.

1426 2565 1635 2617 Kynbady,
1655 2569 1761 2603 terra
1781 2565 1843 2611 de,
1862 2564 1902 2602 li.

1427 2630 1669 2682 Kyncardyn
1681 2630 1723 2667 in
1731 2629 1881 2667 Kather
1891 2628 2086 2674 leuenaus‚
2094 2631 2198 2666 terra
2209 2626 2271 2673 de,
2277 2626 2410 2664 xxxiii.

1532 2695 1661 2732 xxxiv.

1427 2759 1610 2810 Kynkell,
1638 2759 1802 2797 eeclesia
1829 2757 1964 2797 Sancti
1988 2756 2112 2794 Beani
2138 2755 2200 2803 de,
2228 2756 2266 2804 4,
2286 2755 2323 2804 8,
2345 2755 2408 2802 18,

1426 2887 1658 2938 Kyntochir,
1678 2887 1744 2925 58.

1425 2951 1646 3003 Kyntowie,
1667 2950 1760 2989 xliii.

1427 3080 1698 3127 LANGFLATH,
1718 3091 1876 3129 campus
1895 3077 1957 3125 de,
1978 3077 2044 3115 21.

1424 3145 1576 3197 Lanyn,
1596 3144 1756 3184 ecclesia
1774 3144 1835 3191 de,
1855 3143 1961 3181 xxxi.
