2756 3926
1068 412 1285 455 INDEX
1331 410 1680 455 NOMINUM.

367 552 607 603 Rognaldus,
625 551 816 603 princeps,
835 551 890 590 lii.

367 618 549 664 Rolland,
568 616 719 655 Alanus
736 616 849 663 filius,
869 614 934 656 70.

367 682 479 729 Ross,
500 694 628 720 comes
646 681 709 728 (16,
727 680 955 726 Willelmus,
973 678 1065 717 xliv.
1085 678 1176 717 xlvi.

491 747 571 785 filia
599 746 750 785 comitis
777 745 959 795 Hugonis
986 745 1049 789 de,
1077 755 1176 782 uxor
1206 741 1351 781 Malisii

474 811 525 850 (16
544 810 785 854 Stratherne‚
802 809 869 848 liv.

493 875 614 925 Hugo
627 875 690 922 de,
699 875 878 913 dominus
891 873 942 913 de
955 872 1212 925 Balyndolch,
1227 871 1348 911 xlviii.

366 938 506 986 Rufus,
524 939 665 985 Adam,
685 937 752 977 66.

366 1002 552 1049 Ruthfen,
566 1001 789 1054 (Rothfen,)
804 1002 983 1041 dominus
994 1001 1196 1041 Gilbertus
1207 1001 1270 1048 de,
1282 1000 1348 1048 28,

475 1067 540 1114 53,
560 1066 626 1105 64.

366 1155 475 1164 —-
495 1131 698 1170 Gilbertus
717 1130 779 1175 de,
797 1130 933 1170 xxxiii.

491 1195 686 1234 Walter-us
704 1194 766 1242 de,
784 1194 838 1233 xl.
856 1194 938 1233 xlii.

366 1284 475 1294 ——
491 1260 708 1299 Willelmus
726 1259 790 1305 (16,
806 1259 939 1298 xxxvi.

365 1348 475 1356 —-
489 1324 703 1363 willelmus
729 1323 792 1370 de,
819 1323 911 1362 olim
939 1321 1169 1362 camerarius
1197 1320 1348 1360 comitis

475 1389 616 1427 Malisii
633 1389 683 1427 de
702 1387 946 1439 stratheryn,
965 1387 1032 1426 53.

364 1477 473 1485 ---
489 1452 674 1499 william,
692 1451 772 1490 lvii.

364 1582 526 1620 Sanora
546 1581 682 1629 Cruce,
702 1581 821 1620 abbas
840 1580 902 1627 de,
922 1579 991 1620 H'.
1007 1578 1114 1617 xxix.

363 1645 499 1685 Sancti
516 1645 687 1693 Andree,
708 1646 909 1696 episcopus
928 1644 1059 1695 Hugo,
1079 1642 1186 1682 xxiii.

489 1710 702 1761 episcopus,
721 1710 913 1760 Rogerus,
933 1709 971 1747 5.

488 1775 700 1825 episcopus,
719 1774 945 1821 willelmus,
966 1772 1031 1820 14,
1049 1771 1141 1810 xlvi.

364 1838 498 1877 Sancti
518 1838 719 1886 Columbe,
735 1838 903 1877 Thomas
921 1836 1141 1883 canonicus,
1156 1833 1222 1875 77.

327 1900 332 1906 ’
364 1903 508 1942 Sancto
528 1903 710 1949 Servano,
730 1903 849 1942 abbas
866 1902 928 1949 de,
942 1901 1121 1940 dominus
1135 1900 1267 1950 Hugo,
1281 1898 1348 1938 20.

364 1967 607 2014 Scardbrow,
626 1967 838 2006 Nicholaus
855 1967 918 2014 de,
937 1966 1002 2013 39,
1021 1965 1089 2005 40.

367 2032 503 2078 Scona,
523 2032 642 2070 abbas
659 2031 722 2078 (16,
741 2031 806 2078 39,
826 2031 892 2078 41,
911 2030 1031 2068 xxxii.

490 2097 608 2135 abbas
627 2096 689 2144 de,
708 2096 923 2146 Philippus,
943 2094 1009 2134 45.

488 2161 606 2198 abbas
625 2160 692 2204 (16,
707 2160 973 2206 Reimbaldus,
993 2158 1032 2206 5,
1053 2157 1118 2197 10.

489 2226 606 2263 abbas
621 2225 683 2271 (16,
703 2225 910 2271 Robertus,
936 2223 1127 2271 40,.xxiv.
1146 2222 1281 2261 xxxiii.

443 2292 447 2297 “
489 2289 607 2327 abbas
626 2288 687 2335 de,
706 2288 935 2335 willelmus,
954 2288 992 2335 8,
1013 2287 1050 2335 9,
1071 2287 1135 2335 19,
1153 2288 1221 2336 33,
1239 2287 1344 2326 xxvi.

488 2353 695 2392 canonicus
713 2353 774 2400 de,
794 2353 972 2391 dominus
985 2352 1059 2399 W„
1079 2352 1144 2391 10.

361 2442 471 2455 -,-
487 2418 694 2457 canonicus
713 2418 774 2464 (16,
795 2417 1002 2464 Bobertus,
1020 2417 1124 2455 xxvi.

487 2482 594 2533 prior
611 2482 674 2529 (16,
693 2481 759 2529 Η.,
778 2481 844 2520 45.

486 2546 592 2597 prior
610 2545 673 2592 de,
691 2546 844 2593 Petrus,
863 2545 929 2584 58.
967 2576 969 2579 .

486 2611 593 2661 prior
610 2611 672 2657 (16,
687 2610 895 2657 Robertus,
914 2610 952 2650 9.

494 2675 706 2714 vicecomes
723 2675 786 2722 de,
805 2674 991 2722 Makbed,
1006 2673 1109 2712 xxiv.

363 2740 470 2786 Scot,
489 2739 610 2787 John,
628 2739 694 2778 lvi.

363 2804 506 2851 Scotie,
518 2804 728 2852 Robertus,
743 2816 871 2844 comes
889 2804 940 2843 (16
959 2803 1204 2855 Stratheryn,
1217 2814 1345 2840 senes-

467 2869 599 2916 callus,
620 2869 685 2907 25.

363 2931 532 2980 Selfurd‚
546 2933 761 2972 Willelmus
781 2933 845 2981 de,
862 2932 928 2973 66.

487 2998 718 3037 senescallus
739 2997 868 3038 Scotie
886 2998 1091 3043 walterus,
1111 2996 1176 3035 80.

362 3060 519 3108 Setom,
539 3060 746 3113 (Setoum)
763 3061 989 3101 Alexander
1005 3062 1069 3110 (16,
1088 3060 1152 3108 19,
1173 3060 1239 3099 80.

364 3125 511 3175 Sokyn,
531 3126 742 3172 Johannes,
760 3125 826 3166 41.
894 3156 900 3161 .

2319 413 2402 455 155

1421 548 1566 595 Solina,
1584 560 1683 587 uxor
1699 548 1865 588 Roberti
1882 548 1932 588 de
1950 548 2122 597 Mekfen,
2143 549 2207 596 15,
2226 549 2291 595 59,
2311 549 2375 588 60.

1421 613 1558 663 Spens,
1580 613 1748 664 George,
1766 613 1847 652 lvii.

1419 676 1590 724 Starnes,
1617 677 1817 717 Johannes
1843 677 1944 717 filius
1972 677 2134 724 Thome,
2162 677 2232 716 filii
2259 677 2415 723 There,-

1527 740 1593 782 57.

1418 804 1783 852 Stewart,dominus
1794 806 2001 854 Robertus,
2008 805 2087 845 erle
2101 805 2147 845 of
2158 805 2400 852 Stratherne,

1524 870 1654 908 xxxiv.
1675 870 1741 908 liv.
2092 916 2098 922 ¹

1417 933 1692 984 Strathburgh‚
1711 934 1888 984 Rogerus
1906 934 1968 982 de,
1986 934 2148 974 clericus
2165 936 2280 986 regis,
2301 935 2366 975 62.

1417 997 1663 1050 Stratheryn,
1694 998 1987 1037 archidiaconus
2017 999 2080 1046 de,
2113 999 2327 1047 eilbertus,
2359 1000 2398 1046 8,

1524 1063 1590 1110 23,
1609 1063 1676 1110 30,
1694 1063 1761 1109 33,
1781 1061 1846 1110 64,
1864 1063 1984 1102 xxvii.
2003 1063 2135 1103 xxviii.

1541 1127 1831 1166 archidiaconus
1848 1127 1911 1174 de,
1929 1127 2144 1175 Johannes,
2165 1128 2230 1176 11,
2246 1127 2312 1176 16,
2329 1127 2396 1175 26,

1522 1190 1588 1232 74.

1414 1279 1523 1289 --
1538 1255 1748 1294 canonicus
1765 1255 1828 1302 de,
1848 1255 2100 1306 Reginaldus‚
2118 1255 2184 1296 29.

1414 1343 1523 1351 ——-
1539 1319 1760 1370 capellanus
1778 1320 1930 1359 comitis
1947 1320 2010 1368 de,
2036 1320 2221 1368 Abraam,
2247 1320 2312 1368 11,
2331 1318 2398 1368 26,

1520 1384 1589 1431 30,
1608 1382 1674 1430 67,
1693 1383 1760 1422 68.

1414 1471 1524 1479 --
1539 1447 1762 1498 capellanus
1779 1447 1931 1487 comitis
1949 1447 2012 1495 de,
2026 1447 2230 1496 Ricardus,
2243 1447 2312 1495 21,
2331 1447 2398 1486 58.

1413 1535 1517 1544 --
1539 1512 1760 1563 capellanus
1777 1511 1839 1558 de,
1858 1511 2049 1559 Andreas,
2069 1512 2216 1552 xxxvii.

1413 1601 1522 1613 ,-
1539 1577 1759 1627 capellanus
1777 1577 1839 1624 (16,
1854 1576 2032 1615 dominus
2048 1576 2238 1625 Clemens,
2251 1576 2396 1616 xxxvii.

1541 1641 1760 1692 capellanus
1778 1641 1840 1688 de,
1860 1640 2039 1679 dominus
2057 1641 2127 1688 Μ.,
2147 1641 2213 1680 58.

1414 1729 1521 1737 ——
1539 1706 1760 1756 capellanus
1778 1706 1840 1751 de,
1859 1704 1901 1743 N
1902 1705 2048 1752 evinus,
2068 1706 2212 1744 xxxvii.

1539 1770 1700 1809 clericus
1725 1769 1876 1808 comitis
1902 1769 2070 1808 Gilberti
2089 1769 2151 1818 (16,
2169 1768 2396 1816 willelmus,

1538 1899 1699 1937 clericus
1712 1898 1863 1937 comitis
1881 1898 1944 1945 de,
1962 1898 1991 1937 J
1992 1898 2177 1946 ohannes,
2197 1898 2263 1937 21.

1537 1976 1664 2002 comes
1682 1963 1744 2010 de,
1763 1963 1829 2010 33,
1849 1963 1915 2010 47,
1933 1963 2000 2001 48.

1537 2039 1664 2066 comes
1677 2027 1738 2073 de,
1759 2032 1800 2066 et
1817 2039 1942 2065 comes
1963 2027 2155 2074 Oattanie,
2173 2025 2281 2064 xlvii.

1539 2105 1665 2131 comes
1692 2092 1755 2139 de,
1781 2091 1994 2139 Gilbertus,
2021 2092 2123 2131 filius
2145 2090 2319 2137 Ferthet,
2356 2088 2396 2135 3,

1521 2155 1560 2202 6,
1580 2154 1618 2203 7,
1638 2156 1676 2203 8,
1697 2156 1734 2202 9,
1756 2156 1821 2202 11,
1842 2155 1906 2201 12,
1927 2155 1992 2200 14,
2009 2155 2073 2202 15,
2090 2153 2154 2203 17,
2170 2154 2235 2202 18,
2250 2153 2315 2198 21,
2331 2152 2396 2199 25,

1519 2219 1584 2263 26,
1607 2221 1672 2265 27,
1692 2220 1758 2267 28,
1778 2220 1844 2266 29,
1863 2220 1930 2267 33,
1957 2219 2022 2267 67,
2051 2218 2116 2268 70,
2145 2218 2210 2267 71,
2235 2218 2301 2266 73,
2329 2216 2395 2264 76,

1519 2285 1630 2323 xxiii.
1649 2285 1755 2323 xxiv.
1773 2297 1865 2323 xxV.

1537 2362 1663 2388 comes
1682 2349 1745 2396 de,
1764 2349 1953 2395 Malisius,
1973 2348 2039 2396 13,
2058 2347 2123 2393 16,
2144 2346 2208 2395 17,
2235 2347 2301 2394 21,
2327 2344 2394 2394 26,

1517 2413 1583 2460 28,
1620 2414 1686 2461 30,
1726 2414 1792 2460 34,
1831 2412 1897 2460 47,
1934 2413 2000 2460 52,
2031 2413 2097 2460 53,
2133 2412 2186 2451 55
2205 2439 2217 2459 ,
2234 2411 2299 2458 57,
2328 2409 2394 2458 63,

1514 2478 1634 2516 xxxii.
1653 2478 1787 2516 xxxiii.
1806 2478 1937 2517 xxxiv.
1956 2490 2072 2517 xxxv.
2086 2475 2217 2516 xxxvi.
2234 2475 2393 2515 xxxviii.

1517 2543 1650 2581 xxxix.
1670 2543 1724 2581 xl.
1742 2543 1810 2581 xli.
1829 2543 1925 2581 xliii.
2360 2566 2362 2568 v

1536 2619 1663 2646 comcs
1680 2607 1742 2654 de,
1762 2607 1971 2654 Robertus,
1991 2605 2056 2654 14,
2077 2605 2141 2653 19,
2156 2606 2221 2653 23,
2241 2604 2307 2652 25,
2326 2602 2393 2652 27,

1518 2672 1584 2719 55,
1604 2671 1669 2719 58,
1688 2671 1754 2719 59,
1774 2670 1839 2720 60,
1857 2671 1975 2711 xxvii.
1992 2670 2124 2710 xxviii.
2139 2670 2247 2710 xxix.
2260 2669 2391 2709 xxxiv.

1516 2736 1596 2775 xlv.
2069 2743 2074 2747 ·

1409 2824 1520 2832 —
1537 2800 1729 2839 comitissa
1747 2800 1810 2847 de,
1829 2800 1921 2839 xliv.

1410 2888 1520 2896 —
1536 2865 1730 2904 comitissa
1747 2865 1808 2909 de,
1827 2864 2016 2911 Eufemia,
2034 2863 2154 2902 xlviii.
2171 2862 2226 2900 lii.

1410 2952 1519 2961 —
1536 2929 1729 2968 comitissa
1745 2929 1922 2968 Matildis
1940 2928 2002 2974 de,
2020 2928 2058 2975 3,
2080 2928 2144 2975 10,
2161 2927 2224 2975 11,
2241 2925 2304 2974 15,
2324 2924 2389 2973 16,
2422 2960 2428 2966 .

1519 2992 1585 3038 21,
1604 2993 1669 3040 25,
1689 2991 1754 3040 26,
1775 2991 1840 3037 67,
1856 2991 1921 3038 68,
1939 2992 2044 3031 xxiv.

1555 3057 1748 3108 daughter
1792 3057 1838 3095 of
1875 3056 1992 3110 Malis
2036 3055 2115 3094 erle
2158 3053 2210 3102 of,
2253 3053 2391 3102 Isabel,

1519 3121 1610 3160 xliv.
