2808 3926
1031 384 1134 432 DE
1179 381 1715 434 INCHAFFERY.
2308 386 2368 429 :31

364 610 462 677 De
486 626 636 677 crofto
660 628 719 677 de
743 627 920 677 Fowlis
947 657 957 667 ·

274 812 334 858 18
366 786 627 854 Gilbertus
662 822 818 855 comes
849 805 909 855 (16
946 804 1228 871 Stratheryn
1256 804 1475 854 omnibus
1504 803 1774 853 hominibus
1806 803 1895 851 suis
1918 801 2080 850 amicis
2111 800 2290 850 clericis
2319 810 2368 848 et

359 892 487 941 laicis
512 892 705 943 salutem
730 892 894 943 Sciant
918 904 1014 943 tam
1037 894 1272 960 presentes
1295 911 1439 959 quam
1467 892 1615 942 futuri
1647 910 1724 941 me
1755 891 1927 941 dediffe
1956 900 2004 940 et
2034 889 2291 939 conceffifl'e
2321 899 2369 938 et

360 982 448 1031 hac
471 992 599 1031 carta
621 999 728 1032 mea
752 982 1040 1032 confirmasse
1063 982 1153 1031 deo
1187 991 1235 1031 et
1265 982 1418 1031 sancto
1448 982 1480 1031 J
1483 981 1658 1031 ohanni
1683 979 1889 1047 apostolo
1918 979 1978 1029 de
2013 978 2171 1028 Insula
2205 978 2370 1033 ceifl'a-

361 1088 467 1119 rum
502 1080 551 1120 et
589 1071 810 1120 fratribus
850 1071 1025 1120 ibidem
1061 1070 1151 1120 deo
1187 1069 1501 1120 seruientibus
1546 1068 1637 1118 tria
1663 1070 1832 1135 jugera
1876 1078 2000 1118 terre
2034 1065 2371 1134 propinquiora

356 1162 497 1223 juxta
529 1159 748 1226 stagnum
783 1159 911 1225 quod
945 1159 1079 1208 venit
1119 1158 1179 1207 de
1216 1157 1427 1224 prediiRa
1464 1156 1611 1206 insula
1640 1157 1771 1223 apud
1803 1155 1977 1206 Fowlis
2010 1156 2061 1204 in
2094 1164 2371 1221 perpetuam

362 1248 656 1298 elemosinam
679 1248 825 1298 libere
849 1257 897 1298 et
926 1248 1084 1314 quiete
1107 1247 1190 1296 fibi
1220 1247 1441 1296 habenda
1462 1247 1523 1296 ab
1546 1246 1676 1296 omni
1705 1246 1895 1312 penitus
1923 1244 2206 1311 subjeciione
2235 1253 2284 1292 et
2310 1244 2370 1291 ab

362 1338 492 1386 omni
535 1337 687 1387 seruili
733 1337 1070 1387 consuetudine
1115 1346 1163 1386 et
1207 1335 1398 1385 seculari
1443 1335 1637 1385 seruicio
1670 1363 1681 1374 ·
1725 1334 1889 1392 Quare
1925 1333 2030 1382 volo
2070 1342 2119 1383 et
2163 1332 2370 1403 precipio

361 1426 583 1492 quatinus
600 1427 837 1493 predictus
863 1426 1064 1476 SamStus
1087 1435 1136 1475 et
1157 1425 1325 1475 fratres
1347 1424 1398 1474 in
1424 1424 1634 1491 predi&
1658 1423 1806 1473 insula
1828 1423 1919 1473 deo
1941 1422 2257 1471 ministrantes
2280 1421 2372 1470 tria

360 1514 690 1581 prenominata
727 1516 900 1581 jugera
937 1515 1057 1564 adeo
1091 1514 1239 1563 libere
1280 1523 1329 1563 et
1367 1514 1525 1580 quiete
1559 1513 1768 1563 habeant
1803 1521 1853 1561 et
1889 1520 2084 1560 teneant
2129 1511 2243 1559 ficut
2279 1508 2373 1558 vlla

361 1599 608 1650 elemosina
629 1600 680 1649 in
703 1609 805 1650 tota
826 1609 950 1650 terra
984 1600 1143 1650 Scotie
1174 1600 1368 1650 liberius
1398 1609 1447 1650 et
1477 1600 1681 1667 quietius
1705 1609 1895 1649 tenetur
1921 1609 1970 1650 et
1996 1598 2199 1648 habetur
2234 1625 2247 1638 ·
2286 1597 2372 1645 Hii

361 1688 469 1738 sunt
490 1689 629 1738 testes
665 1717 676 1727 ·
715 1688 883 1738 Simon
907 1689 1151 1755 episcopus
1174 1688 1526 1738 Dunblanenfis
1558 1717 1571 1729 ·
1606 1687 1823 1744 matildis
1847 1688 2072 1737 comitifl'a
2095 1687 2155 1737 de
2181 1685 2372 1736 Strath-

363 1780 483 1843 eryn
530 1804 542 1816 ·
591 1776 838 1827 Gilbertus
872 1777 997 1827 filius
1034 1777 1218 1827 comitis
1260 1777 1467 1828 Gilberti
1516 1807 1527 1817 -
1576 1776 1879 1827 Gilleneuam
1913 1776 2096 1844 dapifer
2138 1775 2323 1825 comitis
2360 1802 2371 1812 ·

362 1863 599 1914 Ricardus
623 1864 891 1931 capellanus
915 1866 1104 1917 comitis
1130 1894 1141 1906 ·
1167 1866 1198 1916 J
1201 1866 1409 1915 ohannes
1433 1864 1628 1915 clericus
1651 1865 1835 1915 comitis
1861 1894 1872 1903 ·

370 2112 530 2179 Carta
554 2129 697 2178 Bricii
720 2130 780 2179 de
803 2129 1088 2179 Ardrofl'ane
1110 2130 1171 2180 de
1196 2158 1208 2170 ·
1233 2130 1311 2178 xvi
1338 2158 1349 2169 ·
1373 2132 1492 2180 acris
1518 2159 1529 2170 ·

285 2310 344 2357 19
372 2288 628 2355 Omnibus
675 2305 850 2356 Christi
895 2306 1112 2356 fidelibus
1157 2308 1242 2357 has
1287 2309 1448 2358 literas
1494 2309 1656 2358 visuris
1704 2309 1782 2359 uel
1821 2309 2052 2358 audituris
2091 2308 2275 2357 Bricius
2313 2308 2373 2357 de

368 2394 652 2443 Ardrofl'ane
680 2404 892 2444 eternam
927 2395 977 2443 in
1011 2395 1204 2446 domino
1239 2396 1435 2447 salutem
1462 2396 1670 2447 Nouerit
1698 2397 1971 2447 vniuerfitas
2003 2396 2151 2446 vestra
2180 2413 2258 2445 me
2287 2412 2374 2461 pro

367 2481 511 2532 salute
545 2482 701 2532 anime
735 2500 840 2532 mee
875 2492 924 2532 et
953 2483 1135 2533 domini
1169 2485 1262 2534 mei
1292 2484 1463 2538 coalifii
1500 2485 1624 2535 bone
1657 2485 1883 2535 memorie
1917 2484 2156 2550 quondam
2191 2483 2375 2533 comitis

368 2570 428 2620 de
462 2570 747 2637 Stratheryn
778 2580 826 2620 et
849 2571 1187 2621 antecefforum
1217 2590 1431 2623 meorum
1455 2582 1504 2622 et
1528 2572 1717 2622 suorum
1740 2572 1915 2622 dediffe
1938 2571 2194 2621 conceffifl'e
2217 2581 2265 2620 et
2287 2570 2376 2619 hac

369 2658 571 2724 presenti
611 2667 740 2706 carta
775 2659 1064 2709 confirmafl'e
1099 2660 1150 2708 in
1185 2671 1469 2727 perpetuum
1513 2660 1604 2710 (160
1649 2669 1698 2710 et
1742 2661 1879 2709 beate
1925 2659 2080 2715 marie
2125 2668 2174 2709 et
2217 2659 2375 2708 sancto

371 2744 580 2793 Johanni
624 2745 829 2810 apostolo
874 2756 923 2795 et
963 2746 1245 2814 euangeliste
1290 2757 1339 2797 et
1373 2747 1534 2797 abbati
1562 2756 1612 2797 et
1642 2747 1900 2798 conuentui
1933 2747 1993 2797 de
2022 2746 2180 2796 Insula
2211 2747 2375 2802 miffa-

371 2849 477 2881 rum
513 2842 561 2882 et
588 2850 750 2882 eorum
781 2833 1107 2884 succefl'oribus
1137 2834 1238 2884 illas
1271 2835 1505 2885 sexdecim
1539 2852 1670 2886 acras
1703 2846 1827 2885 terre
1867 2835 1982 2885 citas
2008 2836 2149 2901 juxta
2180 2845 2374 2901 pontem

373 2919 591 2970 abbathie
637 2937 696 2969 ex
740 2928 876 2987 parte
912 2921 1131 2972 orientali
1169 2922 1220 2971 in
1259 2940 1426 2990 campo
1471 2923 1553 2989 qui
1597 2932 1792 2973 vocatur
1830 2922 2087 2990 Langflath
2132 2940 2238 2971 cum
2285 2921 2376 2970 suis

374 3007 592 3056 omnibus
613 3007 912 3073 pertinentiis
935 3018 983 3059 et
1005 3010 1303 3076 ayfiamentis
1325 3027 1441 3076 quas
1464 3010 1656 3076 quidem
1679 3010 1910 3061 sexdecim
1933 3027 2063 3060 acras
2085 3019 2209 3059 terre
2227 3009 2376 3059 dietus

374 3093 592 3143 dominus
614 3111 747 3145 meus
766 3095 975 3150 COalifius
996 3097 1120 3146 bone
1142 3097 1366 3147 memorie
1400 3097 1638 3163 quondam
1670 3115 1826 3148 comes
1853 3097 1913 3147 de
1945 3097 2227 3164 Stratheryn
2262 3097 2376 3147 mihi
