2756 3926
388 373 452 421 62
1144 366 1618 417 REGISTRUM

387 524 555 573 clerico
578 523 759 572 domini
783 521 930 587 Regis
963 549 974 560 ·
1009 519 1221 568 Henrico
1244 519 1450 567 firmario
1475 519 1598 568 dicto
1628 519 1835 585 Symone
1863 520 1896 569 J
1899 520 2085 569 ohanne
2109 531 2157 570 et
2182 522 2389 589 Hugone

388 612 496 679 filijs
536 611 646 660 dieti
684 609 880 658 Henrici
927 636 938 647 ·
980 606 1219 656 WiHelmo
1255 606 1424 655 clerico
1465 633 1477 646 ·
1521 606 1772 656 GiUefelan
1801 608 1964 674 judice
2011 635 2022 646 ·
2062 609 2252 675 Rogero
2295 611 2392 660 filio

387 701 555 751 Jacobi
583 698 841 762 cimentarij
882 724 894 735 ·
963 696 1106 744 Petro
1140 694 1237 743 filio
1271 695 1383 743 dicti
1419 694 1676 761 cimentarij
1716 722 1728 734 ·
1766 696 1959 762 Rogero
1995 706 2042 746 et
2073 697 2104 746 J
2107 698 2252 747 acobo
2286 698 2393 764 filijs

391 789 575 854 Wgena
600 814 610 824 ·
636 785 793 833 Bricio
818 782 1028 848 dapifero
1051 793 1099 832 et
1122 781 1280 837 (uultis
1303 781 1407 848 alijs
1433 809 1444 821 ·

392 1033 552 1099 Carta
575 1058 697 1098 terre
720 1048 771 1095 in
795 1056 1066 1096 tenemento
1089 1048 1148 1097 de
1172 1047 1318 1115 Roffy
1343 1076 1354 1088 ·

300 1229 362 1275 63
391 1208 647 1274 Omnibus
684 1225 858 1275 Christi
888 1224 1105 1273 fidelibus
1140 1225 1328 1290 presens
1362 1225 1585 1291 scriptum
1619 1223 1781 1273 visuris
1815 1224 1889 1274 vel
1923 1224 2152 1277 audituris
2187 1224 2396 1280 malifius

384 1313 507 1360 filius
528 1341 538 1351 ·
561 1312 611 1361 Gr
633 1341 642 1351 ·
662 1313 901 1377 quondam
921 1312 1103 1361 comitis
1122 1312 1182 1360 de
1209 1311 1496 1378 Stratheryn
1514 1311 1643 1367 miles
1662 1321 1874 1361 eternam
1895 1311 1943 1359 in
1961 1311 2153 1360 domino
2168 1311 2362 1361 salutem
2383 1340 2393 1349 ·

386 1400 590 1449 Nouerit
612 1400 885 1449 vniuerfitas
907 1401 1059 1448 vestra
1081 1417 1158 1448 me
1182 1399 1386 1448 caritatis
1410 1400 1587 1457 intuitu
1609 1417 1696 1465 pro
1719 1399 1864 1447 salute
1887 1398 2041 1447 anime
2065 1417 2169 1447 mee
2192 1409 2238 1447 et
2261 1409 2396 1448 ante-

386 1488 610 1536 cefforum
651 1504 864 1536 meorum
896 1495 943 1535 et
983 1485 1152 1552 malifij
1195 1486 1275 1551 filij
1317 1487 1413 1536 mei
1452 1496 1500 1536 et
1535 1486 1762 1535 heredum
1804 1504 2016 1534 meorum
2052 1496 2099 1535 et
2134 1496 2396 1535 ceterorum

385 1575 690 1624 successorum
719 1592 935 1623 meorum
972 1574 1143 1622 dedifl‘e
1180 1574 1435 1623 concefflffe
1472 1584 1520 1623 et
1553 1574 1644 1623 hoc
1678 1573 1882 1640 presenti
1911 1574 2081 1640 scripto
2109 1575 2395 1623 confirmasse

385 1662 494 1710 Deo
519 1671 566 1710 et
589 1663 725 1710 beate
749 1661 905 1715 COarie
928 1669 976 1709 et
999 1661 1139 1710 beato
1162 1661 1195 1710 J
1198 1661 1374 1709 ohanni
1395 1661 1602 1727 apostolo
1637 1671 1684 1710 et
1708 1661 1991 1727 euangeliste
2014 1662 2074 1710 de
2099 1661 2256 1710 Insula
2278 1661 2396 1714 COis-

384 1751 537 1798 sarum
561 1760 609 1799 et
632 1750 792 1799 abbati
815 1758 863 1798 et
885 1749 1144 1798 conuentui
1175 1750 1382 1815 ejusdem
1404 1749 1495 1798 loci
1526 1759 1574 1799 et
1602 1768 1767 1799 eorum
1797 1750 2123 1799 successoribus
2147 1751 2197 1798 in
2226 1768 2395 1816 puram

385 1847 433 1886 et
455 1846 733 1903 perpetuam
758 1835 1058 1885 elemosinam
1081 1835 1208 1883 illam
1231 1836 1511 1902 perticulam
1541 1845 1664 1886 terre
1687 1837 1740 1885 in
1764 1846 2036 1886 tenemento
2061 1837 2119 1884 de
2142 1836 2287 1902 Rofl‘y
2311 1854 2397 1903 per

384 1924 485 1973 illas
515 1932 666 1973 metas
697 1941 783 1990 per
811 1940 926 1988 quas
958 1941 1045 1989 ego
1081 1940 1239 1972 coram
1270 1922 1520 1989 fidedignis
1552 1923 1602 1971 in
1625 1923 1817 1989 propria
1847 1923 2045 1988 persona
2070 1923 2397 1988 perambulaui

386 2041 397 2052 ·
422 2012 591 2061 scilicet
617 2041 628 2051 ·
663 2030 692 2060 a
722 2012 904 2078 petario
929 2011 988 2060 de
1021 2011 1166 2077 Roffy
1191 2011 1274 2075 qui
1300 2010 1485 2060 Scotice
1509 2011 1681 2060 dicitur
1703 1998 1918 2060 Pethach
1940 2013 2055 2060 ficut
2082 2010 2263 2059 riuulus
2287 2011 2396 2061 dicti

383 2101 546 2167 petarij
585 2099 812 2149 discendit
845 2099 1002 2147 versus
1029 2097 1308 2147 orientalem
1336 2107 1521 2163 partem
1548 2099 1689 2163 νίψω
1724 2099 1785 2147 ad
1818 2099 1943 2147 viam
1977 2117 2069 2164 que
2102 2100 2147 2147 se
2181 2100 2396 2149 extendit

384 2191 443 2238 de
478 2188 710 2255 Strathyn
741 2188 881 2252 νίψω
904 2187 965 2235 ad
990 2186 1135 2252 Roffy
1159 2195 1206 2235 et
1232 2187 1294 2234 fic
1327 2203 1413 2250 per
1441 2186 1568 2234 illam
1592 2187 1717 2235 viam
1746 2187 1903 2236 versus
1935 2188 2143 2236 austrum
2165 2189 2305 2253 νίψω
2333 2190 2395 2237 ad

384 2278 596 2325 aseruum
629 2275 843 2341 lapidum
877 2292 963 2340 per
995 2291 1073 2322 me
1104 2272 1328 2339 [factum]
1362 2273 1539 2323 ibidem
1572 2283 1620 2323 et
1650 2275 1711 2322 fic
1738 2274 1947 2324 fimiliter
1976 2276 2118 2340 νίψω
2153 2276 2215 2324 ad
2248 2275 2394 2324 alium

384 2366 599 2414 asel-uum
642 2381 729 2428 per
770 2380 845 2411 me
883 2362 1058 2411 fafflmm
1099 2371 1147 2409 et
1197 2362 1258 2409 fic
1297 2361 1454 2409 versus
1494 2360 1837 2410 occidentalem
1881 2372 2066 2427 partem
2110 2381 2198 2429 per
2240 2362 2396 2412 albam

384 2463 560 2502 metam
598 2453 769 2501 scilicet
807 2468 1004 2517 paruam
1045 2449 1254 2498 semitam
1293 2450 1433 2515 νίψω
1468 2450 1530 2498 ad
1566 2450 1739 2499 dictum
1782 2451 2017 2516 petatium
2058 2461 2106 2500 et
2145 2453 2204 2500 fic
2239 2453 2394 2501 versus

384 2540 698 2607 aquilonalem
734 2549 920 2606 partem
953 2538 1094 2603 νίψω
1126 2537 1188 2585 ad
1219 2537 1400 2586 exitum
1434 2537 1543 2585 ditffi
1571 2537 1712 2585 riuuli
1740 2538 1851 2587 disti
1881 2538 2050 2604 petarij
2081 2557 2172 2604 que
2201 2539 2393 2604 quidem

384 2630 613 2696 perticula
658 2638 783 2678 terre
822 2627 1095 2677 continuate
1135 2626 1346 2675 continet
1390 2626 1441 2673 in
1479 2626 1524 2675 se
1563 2635 1660 2675 tres
1709 2643 1841 2675 acras
1886 2636 2010 2676 terre
2054 2637 2103 2677 et
2142 2627 2342 2693 amplius
2379 2654 2390 2666 ·

386 2717 664 2766 Tenendam
690 2726 737 2764 et
764 2715 1032 2764 habendam
1054 2713 1137 2762 fibi
1164 2723 1212 2762 et
1234 2712 1325 2761 suis
1347 2713 1672 2762 successoribus
1704 2723 1751 2762 et
1778 2731 1942 2762 eorum
1965 2715 2198 2781 affignatis
2230 2715 2289 2764 de
2316 2732 2393 2763 me

384 2814 432 2854 et
464 2804 717 2853 heredibus
739 2802 857 2851 meis
891 2801 941 2850 in
971 2818 1141 2866 puram
1172 2809 1220 2849 et
1253 2809 1534 2866 perpetuam
1561 2799 1859 2849 elemosinam
1885 2800 2029 2851 libere
2057 2811 2105 2851 et
2132 2802 2289 2867 quiete
2323 2804 2391 2851 in-

384 2902 668 2959 perpetuum
691 2909 800 2940 cum
823 2890 1012 2956 pastura
1035 2888 1288 2937 duodecim
1309 2905 1558 2937 vaccarum
1587 2898 1635 2938 et
1657 2889 1825 2955 viginti
1856 2889 2018 2938 ouium
2049 2899 2096 2939 et
2118 2891 2255 2939 vnius
2283 2892 2392 2956 equi

383 2999 476 3030 vna
498 2999 608 3030 cum
630 2981 918 3046 ayfiamento
940 2976 1154 3025 sumendi
1176 2976 1226 3024 in
1250 2976 1373 3025 disto
1404 2976 1585 3042 petario
1614 2976 1804 3043 singulis
1836 2978 1973 3026 annis
1996 2978 2163 3044 viginti
2193 2979 2392 3029 karucas

384 3077 602 3134 petarum
628 3066 702 3115 vel
729 3068 762 3114 fi
795 3065 1048 3114 maluerint
1079 3074 1245 3130 quater
1274 3064 1443 3130 viginti
1477 3081 1620 3113 onera
1648 3082 1875 3130 equorum
1905 3083 2013 3114 cum
2042 3066 2209 3116 ceteris
2241 3069 2385 3134 ayfia-
