<?xml version="1.0" encoding="UTF-8"?>
<!DOCTYPE html PUBLIC "-//W3C//DTD XHTML 1.0 Transitional//EN"
    "http://www.w3.org/TR/xhtml1/DTD/xhtml1-transitional.dtd">
<html xmlns="http://www.w3.org/1999/xhtml" xml:lang="en" lang="en">
 <head>
  <title>
</title>
<meta http-equiv="Content-Type" content="text/html;charset=utf-8" />
  <meta name='ocr-system' content='tesseract 3.04.00' />
  <meta name='ocr-capabilities' content='ocr_page ocr_carea ocr_par ocr_line ocrx_word'/>
</head>
<body>
  <div class='ocr_page' id='page_1' title='image "./liberinsulemissa85inchuoft_0139.png"; bbox 0 0 2808 3926; ppageno 0'>
   <div class='ocr_carea' id='block_1_1' title="bbox 1121 368 2451 423">
    <p class='ocr_par' dir='ltr' id='par_1_1' title="bbox 1121 368 2451 423">
     <span class='ocr_line' id='line_1_1' title="bbox 1121 368 2451 423; baseline 0.005 -7"><span class='ocrx_word' id='word_1_1' title='bbox 1121 368 1223 417; x_wconf 88' lang='lat' dir='ltr'><strong>DE</strong></span> <span class='ocrx_word' id='word_1_2' title='bbox 1262 368 1790 419; x_wconf 84' lang='lat' dir='ltr'><strong>INCHAFFERY.</strong></span> <span class='ocrx_word' id='word_1_3' title='bbox 2388 376 2451 423; x_wconf 87' lang='lat'><strong>59</strong></span> 
     </span>
    </p>
   </div>
   <div class='ocr_carea' id='block_1_2' title="bbox 444 592 1027 660">
    <p class='ocr_par' dir='ltr' id='par_1_2' title="bbox 444 592 1027 660">
     <span class='ocr_line' id='line_1_2' title="bbox 444 592 1027 660; baseline 0 -1"><span class='ocrx_word' id='word_1_4' title='bbox 444 592 606 660; x_wconf 83' lang='lat' dir='ltr'><strong>Carta</strong></span> <span class='ocrx_word' id='word_1_5' title='bbox 629 619 751 660; x_wconf 89' lang='lat' dir='ltr'><strong>terre</strong></span> <span class='ocrx_word' id='word_1_6' title='bbox 775 611 834 660; x_wconf 90' lang='lat' dir='ltr'><strong>de</strong></span> <span class='ocrx_word' id='word_1_7' title='bbox 860 610 990 660; x_wconf 91' lang='lat' dir='ltr'><strong>Rath</strong></span> <span class='ocrx_word' id='word_1_8' title='bbox 1018 640 1027 648; x_wconf 93' lang='lat'><em>-</em></span> 
     </span>
    </p>
   </div>
   <div class='ocr_carea' id='block_1_3' title="bbox 346 769 2446 2179">
    <p class='ocr_par' dir='ltr' id='par_1_3' title="bbox 346 769 2446 2179">
     <span class='ocr_line' id='line_1_3' title="bbox 346 769 2445 855; baseline 0 -17"><span class='ocrx_word' id='word_1_9' title='bbox 346 791 408 838; x_wconf 87' lang='grc'><strong>60</strong></span> <span class='ocrx_word' id='word_1_10' title='bbox 438 769 702 837; x_wconf 82' lang='lat' dir='ltr'><strong>Robertus</strong></span> <span class='ocrx_word' id='word_1_11' title='bbox 733 805 891 838; x_wconf 87' lang='lat' dir='ltr'><strong>comes</strong></span> <span class='ocrx_word' id='word_1_12' title='bbox 918 788 978 837; x_wconf 93' lang='lat' dir='ltr'><strong>de</strong></span> <span class='ocrx_word' id='word_1_13' title='bbox 1004 787 1287 854; x_wconf 85' lang='lat' dir='ltr'><strong>Stratheryn</strong></span> <span class='ocrx_word' id='word_1_14' title='bbox 1318 788 1538 837; x_wconf 90' lang='lat' dir='ltr'><strong>omnibus</strong></span> <span class='ocrx_word' id='word_1_15' title='bbox 1568 787 1658 837; x_wconf 92' lang='lat' dir='ltr'><strong>hoc</strong></span> <span class='ocrx_word' id='word_1_16' title='bbox 1689 788 1912 855; x_wconf 88' lang='lat' dir='ltr'><strong>scriptum</strong></span> <span class='ocrx_word' id='word_1_17' title='bbox 1934 788 2096 838; x_wconf 86' lang='lat' dir='ltr'><strong>visuris</strong></span> <span class='ocrx_word' id='word_1_18' title='bbox 2119 788 2194 839; x_wconf 82' lang='lat' dir='ltr'><strong>vel</strong></span> <span class='ocrx_word' id='word_1_19' title='bbox 2216 790 2445 839; x_wconf 84' lang='lat' dir='ltr'><strong>audituris</strong></span> 
     </span>
     <span class='ocr_line' id='line_1_4' title="bbox 432 877 2446 944; baseline 0.001 -19"><span class='ocrx_word' id='word_1_20' title='bbox 432 877 630 927; x_wconf 84' lang='lat' dir='ltr'><strong>salutem</strong></span> <span class='ocrx_word' id='word_1_21' title='bbox 668 905 681 918; x_wconf 93' lang='lat'><strong>·</strong></span> <span class='ocrx_word' id='word_1_22' title='bbox 726 878 891 928; x_wconf 83' lang='lat' dir='ltr'><strong>Sciant</strong></span> <span class='ocrx_word' id='word_1_23' title='bbox 923 879 1160 944; x_wconf 79' lang='lat' dir='ltr'>presentes</span> <span class='ocrx_word' id='word_1_24' title='bbox 1191 887 1240 927; x_wconf 92' lang='lat' dir='ltr'><strong>et</strong></span> <span class='ocrx_word' id='word_1_25' title='bbox 1270 878 1418 926; x_wconf 89' lang='lat' dir='ltr'><strong>futuri</strong></span> <span class='ocrx_word' id='word_1_26' title='bbox 1447 895 1524 926; x_wconf 91' lang='lat' dir='ltr'><strong>me</strong></span> <span class='ocrx_word' id='word_1_27' title='bbox 1552 878 1725 927; x_wconf 83' lang='lat' dir='ltr'><strong>dedifl&#39;e</strong></span> <span class='ocrx_word' id='word_1_28' title='bbox 1752 887 1802 927; x_wconf 88' lang='lat' dir='ltr'><strong>et</strong></span> <span class='ocrx_word' id='word_1_29' title='bbox 1827 879 2085 928; x_wconf 84' lang='lat' dir='ltr'><strong>concefflfl&#39;e</strong></span> <span class='ocrx_word' id='word_1_30' title='bbox 2115 888 2164 928; x_wconf 92' lang='lat' dir='ltr'><strong>et</strong></span> <span class='ocrx_word' id='word_1_31' title='bbox 2194 878 2283 928; x_wconf 78' lang='lat' dir='ltr'><strong>hac</strong></span> <span class='ocrx_word' id='word_1_32' title='bbox 2317 890 2446 928; x_wconf 87' lang='lat' dir='ltr'><strong>carta</strong></span> 
     </span>
     <span class='ocr_line' id='line_1_5' title="bbox 434 965 2442 1035; baseline 0.001 -20"><span class='ocrx_word' id='word_1_33' title='bbox 434 984 541 1015; x_wconf 91' lang='lat' dir='ltr'><strong>mea</strong></span> <span class='ocrx_word' id='word_1_34' title='bbox 557 967 848 1017; x_wconf 85' lang='lat' dir='ltr'><strong>confirmaffe</strong></span> <span class='ocrx_word' id='word_1_35' title='bbox 865 967 975 1016; x_wconf 90' lang='lat' dir='ltr'><strong>Deo</strong></span> <span class='ocrx_word' id='word_1_36' title='bbox 996 975 1045 1016; x_wconf 85' lang='lat' dir='ltr'><strong>et</strong></span> <span class='ocrx_word' id='word_1_37' title='bbox 1066 967 1204 1016; x_wconf 81' lang='lat' dir='ltr'><strong>beate</strong></span> <span class='ocrx_word' id='word_1_38' title='bbox 1221 965 1377 1018; x_wconf 69' lang='lat' dir='ltr'><strong>marie</strong></span> <span class='ocrx_word' id='word_1_39' title='bbox 1401 977 1449 1015; x_wconf 88' lang='lat' dir='ltr'><strong>et</strong></span> <span class='ocrx_word' id='word_1_40' title='bbox 1470 967 1610 1016; x_wconf 89' lang='lat' dir='ltr'><strong>beato</strong></span> <span class='ocrx_word' id='word_1_41' title='bbox 1625 966 1657 1015; x_wconf 89' lang='lat' dir='ltr'><strong>J</strong></span> <span class='ocrx_word' id='word_1_42' title='bbox 1660 966 1838 1015; x_wconf 88' lang='lat' dir='ltr'><strong>ohanni</strong></span> <span class='ocrx_word' id='word_1_43' title='bbox 1859 967 2067 1034; x_wconf 84' lang='lat' dir='ltr'><strong>apostolo</strong></span> <span class='ocrx_word' id='word_1_44' title='bbox 2091 978 2138 1017; x_wconf 88' lang='lat' dir='ltr'><strong>et</strong></span> <span class='ocrx_word' id='word_1_45' title='bbox 2161 968 2442 1035; x_wconf 85' lang='lat' dir='ltr'><strong>euangeliste</strong></span> 
     </span>
     <span class='ocr_line' id='line_1_6' title="bbox 431 1054 2440 1111; baseline 0.001 -8"><span class='ocrx_word' id='word_1_46' title='bbox 431 1055 492 1103; x_wconf 91' lang='lat' dir='ltr'><strong>de</strong></span> <span class='ocrx_word' id='word_1_47' title='bbox 517 1055 676 1104; x_wconf 85' lang='lat' dir='ltr'><strong>Insula</strong></span> <span class='ocrx_word' id='word_1_48' title='bbox 697 1056 944 1111; x_wconf 62' lang='lat' dir='ltr'><strong>miffar-um</strong></span> <span class='ocrx_word' id='word_1_49' title='bbox 966 1065 1015 1105; x_wconf 88' lang='lat' dir='ltr'><strong>et</strong></span> <span class='ocrx_word' id='word_1_50' title='bbox 1037 1055 1197 1104; x_wconf 85' lang='lat' dir='ltr'><strong>abbati</strong></span> <span class='ocrx_word' id='word_1_51' title='bbox 1224 1064 1272 1104; x_wconf 86' lang='lat' dir='ltr'><strong>et</strong></span> <span class='ocrx_word' id='word_1_52' title='bbox 1295 1054 1533 1104; x_wconf 90' lang='lat' dir='ltr'><strong>canonicis</strong></span> <span class='ocrx_word' id='word_1_53' title='bbox 1556 1054 1732 1104; x_wconf 89' lang='lat' dir='ltr'><strong>ibidem</strong></span> <span class='ocrx_word' id='word_1_54' title='bbox 1755 1055 1865 1105; x_wconf 95' lang='lat' dir='ltr'><strong>Deo</strong></span> <span class='ocrx_word' id='word_1_55' title='bbox 1894 1056 2204 1106; x_wconf 84' lang='lat' dir='ltr'><strong>seruientibus</strong></span> <span class='ocrx_word' id='word_1_56' title='bbox 2226 1067 2274 1106; x_wconf 91' lang='lat' dir='ltr'><strong>et</strong></span> <span class='ocrx_word' id='word_1_57' title='bbox 2297 1058 2440 1107; x_wconf 85' lang='lat' dir='ltr'><strong>serui-</strong></span> 
     </span>
     <span class='ocr_line' id='line_1_7' title="bbox 431 1133 2441 1210; baseline 0.002 -19"><span class='ocrx_word' id='word_1_58' title='bbox 431 1144 548 1192; x_wconf 90' lang='lat' dir='ltr'><strong>turis</strong></span> <span class='ocrx_word' id='word_1_59' title='bbox 582 1143 631 1192; x_wconf 92' lang='lat' dir='ltr'><strong>in</strong></span> <span class='ocrx_word' id='word_1_60' title='bbox 667 1162 836 1210; x_wconf 88' lang='lat' dir='ltr'><strong>puram</strong></span> <span class='ocrx_word' id='word_1_61' title='bbox 869 1154 918 1194; x_wconf 88' lang='lat' dir='ltr'><strong>et</strong></span> <span class='ocrx_word' id='word_1_62' title='bbox 952 1152 1235 1210; x_wconf 90' lang='lat' dir='ltr'><strong>perpetuam</strong></span> <span class='ocrx_word' id='word_1_63' title='bbox 1266 1142 1563 1193; x_wconf 83' lang='lat' dir='ltr'><strong>elemofinam</strong></span> <span class='ocrx_word' id='word_1_64' title='bbox 1595 1153 1770 1192; x_wconf 84' lang='lat' dir='ltr'><strong>terram</strong></span> <span class='ocrx_word' id='word_1_65' title='bbox 1798 1133 1891 1208; x_wconf 76' lang='lat' dir='ltr'><strong>que</strong></span> <span class='ocrx_word' id='word_1_66' title='bbox 1914 1144 2089 1193; x_wconf 89' lang='lat' dir='ltr'><strong>dicitur</strong></span> <span class='ocrx_word' id='word_1_67' title='bbox 2111 1144 2245 1194; x_wconf 87' lang='lat' dir='ltr'><strong>Rath</strong></span> <span class='ocrx_word' id='word_1_68' title='bbox 2272 1145 2441 1196; x_wconf 88' lang='lat' dir='ltr'><strong>scilicet</strong></span> 
     </span>
     <span class='ocr_line' id='line_1_8' title="bbox 428 1230 2439 1298; baseline 0.001 -18"><span class='ocrx_word' id='word_1_69' title='bbox 428 1240 648 1296; x_wconf 83' lang='lat' dir='ltr'>quartam</span> <span class='ocrx_word' id='word_1_70' title='bbox 681 1241 865 1298; x_wconf 86' lang='lat' dir='ltr'><strong>partem</strong></span> <span class='ocrx_word' id='word_1_71' title='bbox 898 1231 1044 1281; x_wconf 81' lang='lat' dir='ltr'><strong>totius</strong></span> <span class='ocrx_word' id='word_1_72' title='bbox 1075 1230 1348 1297; x_wconf 55' lang='lat' dir='ltr'><strong>Dunfally&#39;rn</strong></span> <span class='ocrx_word' id='word_1_73' title='bbox 1374 1248 1483 1280; x_wconf 90' lang='lat' dir='ltr'><strong>cum</strong></span> <span class='ocrx_word' id='word_1_74' title='bbox 1516 1231 1734 1280; x_wconf 89' lang='lat' dir='ltr'><strong>omnibus</strong></span> <span class='ocrx_word' id='word_1_75' title='bbox 1761 1232 1901 1297; x_wconf 85' lang='lat' dir='ltr'><strong>justis</strong></span> <span class='ocrx_word' id='word_1_76' title='bbox 1934 1232 2234 1298; x_wconf 87' lang='lat' dir='ltr'><strong>pertinentijs</strong></span> <span class='ocrx_word' id='word_1_77' title='bbox 2267 1234 2359 1282; x_wconf 91' lang='lat' dir='ltr'><strong>suis</strong></span> <span class='ocrx_word' id='word_1_78' title='bbox 2390 1235 2439 1282; x_wconf 91' lang='lat' dir='ltr'><strong>in</strong></span> 
     </span>
     <span class='ocr_line' id='line_1_9' title="bbox 426 1318 2439 1386; baseline 0.001 -18"><span class='ocrx_word' id='word_1_79' title='bbox 426 1320 563 1369; x_wconf 91' lang='lat' dir='ltr'><strong>bosco</strong></span> <span class='ocrx_word' id='word_1_80' title='bbox 586 1330 634 1369; x_wconf 89' lang='lat' dir='ltr'><strong>et</strong></span> <span class='ocrx_word' id='word_1_81' title='bbox 656 1319 798 1386; x_wconf 87' lang='lat' dir='ltr'><strong>plano</strong></span> <span class='ocrx_word' id='word_1_82' title='bbox 821 1320 871 1368; x_wconf 93' lang='lat' dir='ltr'><strong>in</strong></span> <span class='ocrx_word' id='word_1_83' title='bbox 894 1320 1044 1386; x_wconf 84' lang='lat' dir='ltr'><strong>pratis</strong></span> <span class='ocrx_word' id='word_1_84' title='bbox 1069 1329 1117 1369; x_wconf 86' lang='lat' dir='ltr'><strong>et</strong></span> <span class='ocrx_word' id='word_1_85' title='bbox 1139 1319 1318 1386; x_wconf 84' lang='lat' dir='ltr'><strong>pascuis</strong></span> <span class='ocrx_word' id='word_1_86' title='bbox 1341 1319 1391 1367; x_wconf 91' lang='lat' dir='ltr'><strong>in</strong></span> <span class='ocrx_word' id='word_1_87' title='bbox 1413 1318 1558 1368; x_wconf 88' lang='lat' dir='ltr'><strong>moris</strong></span> <span class='ocrx_word' id='word_1_88' title='bbox 1575 1328 1623 1368; x_wconf 87' lang='lat' dir='ltr'><strong>et</strong></span> <span class='ocrx_word' id='word_1_89' title='bbox 1640 1320 1845 1385; x_wconf 89' lang='lat' dir='ltr'><strong>marefijs</strong></span> <span class='ocrx_word' id='word_1_90' title='bbox 1863 1319 1912 1367; x_wconf 92' lang='lat' dir='ltr'><strong>in</strong></span> <span class='ocrx_word' id='word_1_91' title='bbox 1929 1320 2063 1385; x_wconf 87' lang='lat' dir='ltr'><strong>aquis</strong></span> <span class='ocrx_word' id='word_1_92' title='bbox 2086 1330 2134 1370; x_wconf 90' lang='lat' dir='ltr'><strong>et</strong></span> <span class='ocrx_word' id='word_1_93' title='bbox 2156 1321 2439 1371; x_wconf 83' lang='lat' dir='ltr'><strong>molendinis</strong></span> 
     </span>
     <span class='ocr_line' id='line_1_10' title="bbox 426 1405 2437 1474; baseline 0.001 -17"><span class='ocrx_word' id='word_1_94' title='bbox 426 1417 474 1457; x_wconf 85' lang='lat' dir='ltr'><strong>et</strong></span> <span class='ocrx_word' id='word_1_95' title='bbox 514 1425 623 1457; x_wconf 92' lang='lat' dir='ltr'><strong>cum</strong></span> <span class='ocrx_word' id='word_1_96' title='bbox 661 1408 903 1457; x_wconf 89' lang='lat' dir='ltr'><strong>communi</strong></span> <span class='ocrx_word' id='word_1_97' title='bbox 937 1409 1125 1474; x_wconf 83' lang='lat' dir='ltr'><strong>pastura</strong></span> <span class='ocrx_word' id='word_1_98' title='bbox 1155 1417 1204 1457; x_wconf 85' lang='lat' dir='ltr'><strong>et</strong></span> <span class='ocrx_word' id='word_1_99' title='bbox 1234 1407 1454 1456; x_wconf 89' lang='lat' dir='ltr'><strong>omnibus</strong></span> <span class='ocrx_word' id='word_1_100' title='bbox 1493 1405 1596 1455; x_wconf 87' lang='lat' dir='ltr'><strong>aliis</strong></span> <span class='ocrx_word' id='word_1_101' title='bbox 1637 1407 1965 1456; x_wconf 88' lang='lat' dir='ltr'><strong>communibus</strong></span> <span class='ocrx_word' id='word_1_102' title='bbox 2005 1410 2300 1474; x_wconf 83' lang='lat' dir='ltr'><strong>ayfiamentis</strong></span> <span class='ocrx_word' id='word_1_103' title='bbox 2340 1421 2437 1459; x_wconf 88' lang='lat' dir='ltr'><strong>ter—</strong></span> 
     </span>
     <span class='ocr_line' id='line_1_11' title="bbox 424 1496 2436 1563; baseline 0.002 -19"><span class='ocrx_word' id='word_1_104' title='bbox 424 1514 582 1545; x_wconf 88' lang='lat' dir='ltr'><strong>rarum</strong></span> <span class='ocrx_word' id='word_1_105' title='bbox 606 1514 818 1546; x_wconf 89' lang='lat' dir='ltr'><strong>mearum</strong></span> <span class='ocrx_word' id='word_1_106' title='bbox 841 1497 1170 1563; x_wconf 86' lang='lat' dir='ltr'><strong>prenominate</strong></span> <span class='ocrx_word' id='word_1_107' title='bbox 1194 1506 1317 1546; x_wconf 87' lang='lat' dir='ltr'><strong>terre</strong></span> <span class='ocrx_word' id='word_1_108' title='bbox 1339 1496 1601 1544; x_wconf 87' lang='lat' dir='ltr'><strong>vicinarum</strong></span> <span class='ocrx_word' id='word_1_109' title='bbox 1622 1524 1633 1535; x_wconf 89' lang='lat'><strong>·</strong></span> <span class='ocrx_word' id='word_1_110' title='bbox 1653 1496 1934 1545; x_wconf 88' lang='lat' dir='ltr'><strong>Tenendam</strong></span> <span class='ocrx_word' id='word_1_111' title='bbox 1950 1497 2010 1546; x_wconf 94' lang='lat' dir='ltr'><strong>de</strong></span> <span class='ocrx_word' id='word_1_112' title='bbox 2026 1514 2103 1546; x_wconf 90' lang='lat' dir='ltr'><strong>me</strong></span> <span class='ocrx_word' id='word_1_113' title='bbox 2122 1507 2170 1546; x_wconf 90' lang='lat' dir='ltr'><strong>et</strong></span> <span class='ocrx_word' id='word_1_114' title='bbox 2186 1498 2436 1548; x_wconf 86' lang='lat' dir='ltr'><strong>heredibus</strong></span> 
     </span>
     <span class='ocr_line' id='line_1_12' title="bbox 423 1584 2434 1650; baseline 0.002 -17"><span class='ocrx_word' id='word_1_115' title='bbox 423 1585 540 1634; x_wconf 90' lang='lat' dir='ltr'><strong>meis</strong></span> <span class='ocrx_word' id='word_1_116' title='bbox 562 1584 708 1634; x_wconf 89' lang='lat' dir='ltr'><strong>libere</strong></span> <span class='ocrx_word' id='word_1_117' title='bbox 726 1594 774 1634; x_wconf 86' lang='lat' dir='ltr'><strong>et</strong></span> <span class='ocrx_word' id='word_1_118' title='bbox 791 1585 950 1650; x_wconf 88' lang='lat' dir='ltr'><strong>quiete</strong></span> <span class='ocrx_word' id='word_1_119' title='bbox 968 1586 1028 1635; x_wconf 93' lang='lat' dir='ltr'><strong>ab</strong></span> <span class='ocrx_word' id='word_1_120' title='bbox 1046 1585 1176 1634; x_wconf 92' lang='lat' dir='ltr'><strong>omni</strong></span> <span class='ocrx_word' id='word_1_121' title='bbox 1193 1584 1384 1634; x_wconf 84' lang='lat' dir='ltr'><strong>seruicio</strong></span> <span class='ocrx_word' id='word_1_122' title='bbox 1403 1594 1451 1634; x_wconf 84' lang='lat' dir='ltr'><strong>et</strong></span> <span class='ocrx_word' id='word_1_123' title='bbox 1467 1585 1707 1634; x_wconf 64' lang='lat' dir='ltr'><strong>exafflone</strong></span> <span class='ocrx_word' id='word_1_124' title='bbox 1724 1584 1915 1634; x_wconf 89' lang='lat' dir='ltr'><strong>seculari</strong></span> <span class='ocrx_word' id='word_1_125' title='bbox 1930 1595 2128 1650; x_wconf 88' lang='lat' dir='ltr'><strong>excepto</strong></span> <span class='ocrx_word' id='word_1_126' title='bbox 2146 1586 2434 1637; x_wconf 91' lang='lat' dir='ltr'><strong>solummodo</strong></span> 
     </span>
     <span class='ocr_line' id='line_1_13' title="bbox 423 1673 2433 1740; baseline 0.001 -18"><span class='ocrx_word' id='word_1_127' title='bbox 423 1673 598 1723; x_wconf 85' lang='lat' dir='ltr'><strong>auxilio</strong></span> <span class='ocrx_word' id='word_1_128' title='bbox 630 1674 809 1723; x_wconf 90' lang='lat' dir='ltr'><strong>domini</strong></span> <span class='ocrx_word' id='word_1_129' title='bbox 843 1674 968 1740; x_wconf 88' lang='lat' dir='ltr'><strong>regis</strong></span> <span class='ocrx_word' id='word_1_130' title='bbox 1002 1674 1194 1740; x_wconf 88' lang='lat' dir='ltr'><strong>quando</strong></span> <span class='ocrx_word' id='word_1_131' title='bbox 1228 1673 1399 1723; x_wconf 84' lang='lat' dir='ltr'><strong>scilicet</strong></span> <span class='ocrx_word' id='word_1_132' title='bbox 1430 1674 1524 1740; x_wconf 91' lang='lat' dir='ltr'><strong>ipse</strong></span> <span class='ocrx_word' id='word_1_133' title='bbox 1551 1674 1772 1723; x_wconf 92' lang='lat' dir='ltr'><strong>dominus</strong></span> <span class='ocrx_word' id='word_1_134' title='bbox 1797 1674 1903 1723; x_wconf 88' lang='lat' dir='ltr'><strong>Rex</strong></span> <span class='ocrx_word' id='word_1_135' title='bbox 1931 1692 2180 1724; x_wconf 90' lang='lat' dir='ltr'><strong>commune</strong></span> <span class='ocrx_word' id='word_1_136' title='bbox 2206 1676 2433 1725; x_wconf 88' lang='lat' dir='ltr'><strong>auxilium</strong></span> 
     </span>
     <span class='ocr_line' id='line_1_14' title="bbox 421 1762 2431 1829; baseline 0.001 -19"><span class='ocrx_word' id='word_1_137' title='bbox 421 1763 558 1828; x_wconf 90' lang='lat' dir='ltr'><strong>super</strong></span> <span class='ocrx_word' id='word_1_138' title='bbox 591 1771 745 1811; x_wconf 89' lang='lat' dir='ltr'><strong>totum</strong></span> <span class='ocrx_word' id='word_1_139' title='bbox 783 1779 984 1828; x_wconf 86' lang='lat' dir='ltr'><strong>regnum</strong></span> <span class='ocrx_word' id='word_1_140' title='bbox 1024 1762 1227 1829; x_wconf 86' lang='lat' dir='ltr'><strong>posuerit</strong></span> <span class='ocrx_word' id='word_1_141' title='bbox 1267 1780 1355 1828; x_wconf 89' lang='lat' dir='ltr'><strong>ego</strong></span> <span class='ocrx_word' id='word_1_142' title='bbox 1392 1779 1504 1812; x_wconf 86' lang='lat' dir='ltr'><strong>vero</strong></span> <span class='ocrx_word' id='word_1_143' title='bbox 1544 1771 1593 1811; x_wconf 91' lang='lat' dir='ltr'><strong>et</strong></span> <span class='ocrx_word' id='word_1_144' title='bbox 1636 1763 1837 1812; x_wconf 88' lang='lat' dir='ltr'><strong>heredes</strong></span> <span class='ocrx_word' id='word_1_145' title='bbox 1876 1763 1970 1812; x_wconf 92' lang='lat' dir='ltr'><strong>mei</strong></span> <span class='ocrx_word' id='word_1_146' title='bbox 2007 1772 2162 1812; x_wconf 89' lang='lat' dir='ltr'><strong>totum</strong></span> <span class='ocrx_word' id='word_1_147' title='bbox 2200 1763 2431 1829; x_wconf 87' lang='lat' dir='ltr'><strong>reliquum</strong></span> 
     </span>
     <span class='ocr_line' id='line_1_15' title="bbox 419 1850 2431 1917; baseline 0.002 -20"><span class='ocrx_word' id='word_1_148' title='bbox 419 1850 694 1899; x_wconf 88' lang='lat' dir='ltr'><strong>forinsecum</strong></span> <span class='ocrx_word' id='word_1_149' title='bbox 725 1850 972 1899; x_wconf 88' lang='lat' dir='ltr'><strong>seruicium</strong></span> <span class='ocrx_word' id='word_1_150' title='bbox 1003 1850 1184 1899; x_wconf 91' lang='lat' dir='ltr'><strong>domini</strong></span> <span class='ocrx_word' id='word_1_151' title='bbox 1209 1851 1356 1916; x_wconf 88' lang='lat' dir='ltr'><strong>Regis</strong></span> <span class='ocrx_word' id='word_1_152' title='bbox 1387 1851 1515 1915; x_wconf 93' lang='lat' dir='ltr'><strong>quod</strong></span> <span class='ocrx_word' id='word_1_153' title='bbox 1545 1850 1607 1899; x_wconf 93' lang='lat' dir='ltr'><strong>ad</strong></span> <span class='ocrx_word' id='word_1_154' title='bbox 1638 1850 1765 1899; x_wconf 88' lang='lat' dir='ltr'><strong>illam</strong></span> <span class='ocrx_word' id='word_1_155' title='bbox 1799 1860 1973 1900; x_wconf 85' lang='lat' dir='ltr'><strong>terram</strong></span> <span class='ocrx_word' id='word_1_156' title='bbox 2007 1852 2213 1917; x_wconf 88' lang='lat' dir='ltr'><strong>pertinet</strong></span> <span class='ocrx_word' id='word_1_157' title='bbox 2246 1870 2331 1917; x_wconf 93' lang='lat' dir='ltr'><strong>pro</strong></span> <span class='ocrx_word' id='word_1_158' title='bbox 2366 1854 2431 1902; x_wconf 88' lang='lat' dir='ltr'><strong>eis</strong></span> 
     </span>
     <span class='ocr_line' id='line_1_16' title="bbox 419 1937 2430 2006; baseline 0.002 -20"><span class='ocrx_word' id='word_1_159' title='bbox 419 1946 648 2003; x_wconf 91' lang='lat' dir='ltr'><strong>perpetuo</strong></span> <span class='ocrx_word' id='word_1_160' title='bbox 671 1937 896 1987; x_wconf 89' lang='lat' dir='ltr'><strong>faciemus</strong></span> <span class='ocrx_word' id='word_1_161' title='bbox 923 1967 933 1977; x_wconf 91' lang='lat'><strong>·</strong></span> <span class='ocrx_word' id='word_1_162' title='bbox 960 1939 1070 2004; x_wconf 88' lang='lat' dir='ltr'><strong>Hijs</strong></span> <span class='ocrx_word' id='word_1_163' title='bbox 1094 1939 1288 1988; x_wconf 88' lang='lat' dir='ltr'><strong>testibus</strong></span> <span class='ocrx_word' id='word_1_164' title='bbox 1308 1967 1318 1978; x_wconf 87' lang='lat'><strong>·</strong></span> <span class='ocrx_word' id='word_1_165' title='bbox 1344 1939 1588 1987; x_wconf 90' lang='lat' dir='ltr'><strong>Abbraam</strong></span> <span class='ocrx_word' id='word_1_166' title='bbox 1610 1938 1937 1988; x_wconf 88' lang='lat' dir='ltr'><strong>Dunblanenfi</strong></span> <span class='ocrx_word' id='word_1_167' title='bbox 1961 1939 2177 2006; x_wconf 91' lang='lat' dir='ltr'><strong>episcopo</strong></span> <span class='ocrx_word' id='word_1_168' title='bbox 2203 1968 2213 1979; x_wconf 91' lang='lat'><strong>·</strong></span> <span class='ocrx_word' id='word_1_169' title='bbox 2238 1941 2430 1992; x_wconf 92' lang='lat' dir='ltr'><strong>domino</strong></span> 
     </span>
     <span class='ocr_line' id='line_1_17' title="bbox 420 2025 2427 2091; baseline 0.003 -19"><span class='ocrx_word' id='word_1_170' title='bbox 420 2025 638 2091; x_wconf 86' lang='lat' dir='ltr'><strong>Fergufio</strong></span> <span class='ocrx_word' id='word_1_171' title='bbox 674 2035 722 2074; x_wconf 91' lang='lat' dir='ltr'><strong>et</strong></span> <span class='ocrx_word' id='word_1_172' title='bbox 755 2025 936 2080; x_wconf 75' lang='lat' dir='ltr'><strong>COalifio</strong></span> <span class='ocrx_word' id='word_1_173' title='bbox 970 2026 1193 2075; x_wconf 86' lang='lat' dir='ltr'><strong>fratribus</strong></span> <span class='ocrx_word' id='word_1_174' title='bbox 1220 2026 1338 2075; x_wconf 86' lang='lat' dir='ltr'><strong>meis</strong></span> <span class='ocrx_word' id='word_1_175' title='bbox 1376 2055 1387 2064; x_wconf 92' lang='lat'><strong>·</strong></span> <span class='ocrx_word' id='word_1_176' title='bbox 1424 2026 1474 2076; x_wconf 83' lang='lat' dir='ltr'><strong>G</strong></span> <span class='ocrx_word' id='word_1_177' title='bbox 1510 2053 1522 2066; x_wconf 88' lang='lat'><strong>·</strong></span> <span class='ocrx_word' id='word_1_178' title='bbox 1558 2026 1889 2076; x_wconf 88' lang='lat' dir='ltr'><strong>archidiacono</strong></span> <span class='ocrx_word' id='word_1_179' title='bbox 1925 2054 1937 2067; x_wconf 90' lang='lat'><strong>·</strong></span> <span class='ocrx_word' id='word_1_180' title='bbox 1973 2026 2156 2081; x_wconf 63' lang='lat' dir='ltr'><strong>malifio</strong></span> <span class='ocrx_word' id='word_1_181' title='bbox 2187 2028 2427 2079; x_wconf 90' lang='lat' dir='ltr'><strong>senescallo</strong></span> 
     </span>
     <span class='ocr_line' id='line_1_18' title="bbox 418 2112 1418 2179; baseline 0.002 -19"><span class='ocrx_word' id='word_1_182' title='bbox 418 2129 523 2161; x_wconf 91' lang='lat' dir='ltr'><strong>meo</strong></span> <span class='ocrx_word' id='word_1_183' title='bbox 550 2140 560 2151; x_wconf 92' lang='lat'><strong>·</strong></span> <span class='ocrx_word' id='word_1_184' title='bbox 586 2112 823 2166; x_wconf 76' lang='lat' dir='ltr'><strong>coakbeth</strong></span> <span class='ocrx_word' id='word_1_185' title='bbox 839 2113 1002 2179; x_wconf 91' lang='lat' dir='ltr'><strong>judice</strong></span> <span class='ocrx_word' id='word_1_186' title='bbox 1024 2123 1075 2162; x_wconf 90' lang='lat' dir='ltr'><strong>et</strong></span> <span class='ocrx_word' id='word_1_187' title='bbox 1098 2113 1257 2162; x_wconf 90' lang='lat' dir='ltr'><strong>multis</strong></span> <span class='ocrx_word' id='word_1_188' title='bbox 1280 2113 1382 2179; x_wconf 89' lang='lat' dir='ltr'><strong>alijs</strong></span> <span class='ocrx_word' id='word_1_189' title='bbox 1408 2142 1418 2151; x_wconf 93' lang='lat'><strong>·</strong></span> 
     </span>
    </p>
   </div>
   <div class='ocr_carea' id='block_1_4' title="bbox 422 2358 2398 2447">
    <p class='ocr_par' dir='ltr' id='par_1_4' title="bbox 422 2358 2398 2447">
     <span class='ocr_line' id='line_1_19' title="bbox 422 2358 2398 2447; baseline 0.003 -22"><span class='ocrx_word' id='word_1_190' title='bbox 422 2358 582 2426; x_wconf 80' lang='lat' dir='ltr'><strong>Carta</strong></span> <span class='ocrx_word' id='word_1_191' title='bbox 605 2376 805 2426; x_wconf 90' lang='lat' dir='ltr'><strong>Roberti</strong></span> <span class='ocrx_word' id='word_1_192' title='bbox 827 2377 887 2426; x_wconf 93' lang='lat' dir='ltr'><strong>de</strong></span> <span class='ocrx_word' id='word_1_193' title='bbox 910 2375 1110 2429; x_wconf 66' lang='lat' dir='ltr'><strong>oeekfen</strong></span> <span class='ocrx_word' id='word_1_194' title='bbox 1134 2376 1194 2425; x_wconf 93' lang='lat' dir='ltr'><strong>de</strong></span> <span class='ocrx_word' id='word_1_195' title='bbox 1217 2376 1404 2426; x_wconf 86' lang='lat' dir='ltr'><strong>duobus</strong></span> <span class='ocrx_word' id='word_1_196' title='bbox 1428 2377 1558 2427; x_wconf 83' lang='lat' dir='ltr'><strong>toftis</strong></span> <span class='ocrx_word' id='word_1_197' title='bbox 1582 2386 1629 2427; x_wconf 93' lang='lat' dir='ltr'><strong>et</strong></span> <span class='ocrx_word' id='word_1_198' title='bbox 1652 2388 1857 2442; x_wconf 87' lang='lat' dir='ltr'><strong>quatuor</strong></span> <span class='ocrx_word' id='word_1_199' title='bbox 1878 2379 1997 2428; x_wconf 90' lang='lat' dir='ltr'><strong>acris</strong></span> <span class='ocrx_word' id='word_1_200' title='bbox 2019 2379 2079 2429; x_wconf 91' lang='lat' dir='ltr'><strong>de</strong></span> <span class='ocrx_word' id='word_1_201' title='bbox 2102 2379 2361 2447; x_wconf 89' lang='lat' dir='ltr'><strong>Dolpatrik</strong></span> <span class='ocrx_word' id='word_1_202' title='bbox 2388 2410 2398 2420; x_wconf 89' lang='lat'><strong>·</strong></span> 
     </span>
    </p>
   </div>
   <div class='ocr_carea' id='block_1_5' title="bbox 331 2536 2417 3150">
    <p class='ocr_par' dir='ltr' id='par_1_5' title="bbox 331 2536 2417 3150">
     <span class='ocr_line' id='line_1_20' title="bbox 331 2536 2417 2620; baseline 0.002 -17"><span class='ocrx_word' id='word_1_203' title='bbox 331 2555 390 2603; x_wconf 90' lang='lat'><strong>61</strong></span> <span class='ocrx_word' id='word_1_204' title='bbox 419 2536 674 2603; x_wconf 81' lang='lat' dir='ltr'><strong>Omnibus</strong></span> <span class='ocrx_word' id='word_1_205' title='bbox 702 2554 854 2602; x_wconf 70' lang='grc' dir='ltr'>Γειηᾶθ</span> <span class='ocrx_word' id='word_1_206' title='bbox 883 2554 1045 2608; x_wconf 73' lang='lat' dir='ltr'><strong>matris</strong></span> <span class='ocrx_word' id='word_1_207' title='bbox 1077 2553 1263 2603; x_wconf 80' lang='lat' dir='ltr'><strong>ecclesie</strong></span> <span class='ocrx_word' id='word_1_208' title='bbox 1293 2553 1400 2602; x_wconf 85' lang='lat' dir='ltr'><strong>filiis</strong></span> <span class='ocrx_word' id='word_1_209' title='bbox 1430 2555 1616 2620; x_wconf 85' lang='lat' dir='ltr'><strong>presens</strong></span> <span class='ocrx_word' id='word_1_210' title='bbox 1646 2554 1869 2620; x_wconf 87' lang='lat' dir='ltr'><strong>scriptum</strong></span> <span class='ocrx_word' id='word_1_211' title='bbox 1891 2555 2054 2605; x_wconf 80' lang='lat' dir='ltr'><strong>visuris</strong></span> <span class='ocrx_word' id='word_1_212' title='bbox 2084 2556 2158 2606; x_wconf 86' lang='lat' dir='ltr'><strong>vel</strong></span> <span class='ocrx_word' id='word_1_213' title='bbox 2187 2558 2417 2608; x_wconf 85' lang='lat' dir='ltr'><strong>audituris</strong></span> 
     </span>
     <span class='ocr_line' id='line_1_21' title="bbox 415 2641 2415 2708; baseline 0.003 -19"><span class='ocrx_word' id='word_1_214' title='bbox 415 2641 653 2691; x_wconf 88' lang='lat' dir='ltr'><strong>Robertus</strong></span> <span class='ocrx_word' id='word_1_215' title='bbox 677 2641 736 2690; x_wconf 92' lang='lat' dir='ltr'><strong>de</strong></span> <span class='ocrx_word' id='word_1_216' title='bbox 760 2641 959 2696; x_wconf 64' lang='lat' dir='ltr'><strong>mekfen</strong></span> <span class='ocrx_word' id='word_1_217' title='bbox 981 2641 1176 2691; x_wconf 88' lang='lat' dir='ltr'><strong>salutem</strong></span> <span class='ocrx_word' id='word_1_218' title='bbox 1210 2670 1221 2680; x_wconf 90' lang='lat'><strong>·</strong></span> <span class='ocrx_word' id='word_1_219' title='bbox 1257 2641 1421 2691; x_wconf 85' lang='lat' dir='ltr'><strong>Sciant</strong></span> <span class='ocrx_word' id='word_1_220' title='bbox 1443 2643 1681 2708; x_wconf 85' lang='lat' dir='ltr'><strong>presentes</strong></span> <span class='ocrx_word' id='word_1_221' title='bbox 1704 2652 1753 2692; x_wconf 87' lang='lat' dir='ltr'><strong>et</strong></span> <span class='ocrx_word' id='word_1_222' title='bbox 1774 2643 1923 2692; x_wconf 86' lang='lat' dir='ltr'><strong>futuri</strong></span> <span class='ocrx_word' id='word_1_223' title='bbox 1945 2661 2022 2693; x_wconf 92' lang='lat' dir='ltr'><strong>me</strong></span> <span class='ocrx_word' id='word_1_224' title='bbox 2045 2662 2106 2693; x_wconf 86' lang='lat' dir='ltr'><strong>ex</strong></span> <span class='ocrx_word' id='word_1_225' title='bbox 2129 2646 2305 2694; x_wconf 71' lang='lat' dir='ltr'><strong>offensu</strong></span> <span class='ocrx_word' id='word_1_226' title='bbox 2328 2647 2415 2695; x_wconf 92' lang='lat' dir='ltr'><strong>do-</strong></span> 
     </span>
     <span class='ocr_line' id='line_1_22' title="bbox 412 2729 2413 2793; baseline 0.003 -16"><span class='ocrx_word' id='word_1_227' title='bbox 412 2730 540 2779; x_wconf 89' lang='lat' dir='ltr'><strong>mine</strong></span> <span class='ocrx_word' id='word_1_228' title='bbox 567 2729 728 2779; x_wconf 88' lang='lat' dir='ltr'><strong>Soline</strong></span> <span class='ocrx_word' id='word_1_229' title='bbox 743 2730 907 2793; x_wconf 29' lang='lat' dir='ltr'><strong>&#39;vxoris</strong></span> <span class='ocrx_word' id='word_1_230' title='bbox 938 2747 1043 2779; x_wconf 90' lang='lat' dir='ltr'><strong>mee</strong></span> <span class='ocrx_word' id='word_1_231' title='bbox 1065 2739 1114 2780; x_wconf 90' lang='lat' dir='ltr'><strong>et</strong></span> <span class='ocrx_word' id='word_1_232' title='bbox 1135 2730 1390 2779; x_wconf 89' lang='lat' dir='ltr'><strong>liberorum</strong></span> <span class='ocrx_word' id='word_1_233' title='bbox 1421 2731 1684 2779; x_wconf 88' lang='lat' dir='ltr'><strong>nostrorum</strong></span> <span class='ocrx_word' id='word_1_234' title='bbox 1709 2731 1881 2781; x_wconf 84' lang='lat' dir='ltr'><strong>dediffe</strong></span> <span class='ocrx_word' id='word_1_235' title='bbox 1904 2741 1952 2781; x_wconf 88' lang='lat' dir='ltr'><strong>et</strong></span> <span class='ocrx_word' id='word_1_236' title='bbox 1975 2734 2231 2783; x_wconf 80' lang='lat' dir='ltr'><strong>conceffifl‘e</strong></span> <span class='ocrx_word' id='word_1_237' title='bbox 2254 2744 2302 2784; x_wconf 90' lang='lat' dir='ltr'><strong>et</strong></span> <span class='ocrx_word' id='word_1_238' title='bbox 2326 2735 2413 2783; x_wconf 88' lang='lat' dir='ltr'><strong>hac</strong></span> 
     </span>
     <span class='ocr_line' id='line_1_23' title="bbox 413 2817 2408 2885; baseline 0.003 -21"><span class='ocrx_word' id='word_1_239' title='bbox 413 2827 541 2866; x_wconf 85' lang='lat' dir='ltr'><strong>carta</strong></span> <span class='ocrx_word' id='word_1_240' title='bbox 562 2835 668 2867; x_wconf 88' lang='lat' dir='ltr'><strong>mea</strong></span> <span class='ocrx_word' id='word_1_241' title='bbox 689 2818 977 2867; x_wconf 80' lang='lat' dir='ltr'><strong>confirmafl‘e</strong></span> <span class='ocrx_word' id='word_1_242' title='bbox 991 2817 1102 2868; x_wconf 91' lang='lat' dir='ltr'><strong>Deo</strong></span> <span class='ocrx_word' id='word_1_243' title='bbox 1126 2827 1175 2868; x_wconf 83' lang='lat' dir='ltr'><strong>et</strong></span> <span class='ocrx_word' id='word_1_244' title='bbox 1191 2818 1327 2868; x_wconf 87' lang='lat' dir='ltr'><strong>beate</strong></span> <span class='ocrx_word' id='word_1_245' title='bbox 1344 2818 1499 2873; x_wconf 75' lang='lat' dir='ltr'><strong>COarie</strong></span> <span class='ocrx_word' id='word_1_246' title='bbox 1517 2829 1565 2868; x_wconf 88' lang='lat' dir='ltr'><strong>et</strong></span> <span class='ocrx_word' id='word_1_247' title='bbox 1582 2819 1720 2868; x_wconf 89' lang='lat' dir='ltr'><strong>beato</strong></span> <span class='ocrx_word' id='word_1_248' title='bbox 1737 2819 1768 2869; x_wconf 91' lang='lat' dir='ltr'>J</span> <span class='ocrx_word' id='word_1_249' title='bbox 1772 2819 1948 2868; x_wconf 87' lang='lat' dir='ltr'><strong>ohanni</strong></span> <span class='ocrx_word' id='word_1_250' title='bbox 1964 2820 2171 2885; x_wconf 88' lang='lat' dir='ltr'><strong>apostolo</strong></span> <span class='ocrx_word' id='word_1_251' title='bbox 2194 2830 2241 2869; x_wconf 92' lang='lat' dir='ltr'><strong>et</strong></span> <span class='ocrx_word' id='word_1_252' title='bbox 2262 2839 2408 2870; x_wconf 90' lang='lat' dir='ltr'><strong>euan-</strong></span> 
     </span>
     <span class='ocr_line' id='line_1_24' title="bbox 410 2904 2407 2974; baseline 0.002 -21"><span class='ocrx_word' id='word_1_253' title='bbox 410 2904 570 2970; x_wconf 83' lang='lat' dir='ltr'><strong>geliste</strong></span> <span class='ocrx_word' id='word_1_254' title='bbox 592 2906 652 2955; x_wconf 93' lang='lat' dir='ltr'><strong>de</strong></span> <span class='ocrx_word' id='word_1_255' title='bbox 680 2905 836 2955; x_wconf 87' lang='lat' dir='ltr'><strong>Insula</strong></span> <span class='ocrx_word' id='word_1_256' title='bbox 857 2905 1105 2961; x_wconf 76' lang='lat' dir='ltr'><strong>COiffarum</strong></span> <span class='ocrx_word' id='word_1_257' title='bbox 1132 2916 1181 2956; x_wconf 87' lang='lat' dir='ltr'><strong>et</strong></span> <span class='ocrx_word' id='word_1_258' title='bbox 1208 2907 1371 2956; x_wconf 86' lang='lat' dir='ltr'><strong>abbati</strong></span> <span class='ocrx_word' id='word_1_259' title='bbox 1394 2917 1443 2956; x_wconf 84' lang='lat' dir='ltr'><strong>et</strong></span> <span class='ocrx_word' id='word_1_260' title='bbox 1465 2907 1722 2957; x_wconf 91' lang='lat' dir='ltr'><strong>conuentui</strong></span> <span class='ocrx_word' id='word_1_261' title='bbox 1745 2908 1950 2973; x_wconf 88' lang='lat' dir='ltr'><strong>ejusdem</strong></span> <span class='ocrx_word' id='word_1_262' title='bbox 1971 2907 2063 2957; x_wconf 92' lang='lat' dir='ltr'><strong>loci</strong></span> <span class='ocrx_word' id='word_1_263' title='bbox 2094 2909 2142 2956; x_wconf 91' lang='lat' dir='ltr'><strong>in</strong></span> <span class='ocrx_word' id='word_1_264' title='bbox 2169 2926 2337 2974; x_wconf 86' lang='lat' dir='ltr'><strong>puram</strong></span> <span class='ocrx_word' id='word_1_265' title='bbox 2361 2921 2407 2958; x_wconf 91' lang='lat' dir='ltr'><strong>et</strong></span> 
     </span>
     <span class='ocr_line' id='line_1_25' title="bbox 412 2993 2406 3061; baseline 0.002 -19"><span class='ocrx_word' id='word_1_266' title='bbox 412 3002 691 3059; x_wconf 89' lang='lat' dir='ltr'><strong>perpetuam</strong></span> <span class='ocrx_word' id='word_1_267' title='bbox 722 2993 1018 3043; x_wconf 76' lang='lat' dir='ltr'><strong>elemosinam</strong></span> <span class='ocrx_word' id='word_1_268' title='bbox 1049 2994 1145 3044; x_wconf 92' lang='lat' dir='ltr'><strong>duo</strong></span> <span class='ocrx_word' id='word_1_269' title='bbox 1180 2995 1299 3045; x_wconf 84' lang='lat' dir='ltr'><strong>tofta</strong></span> <span class='ocrx_word' id='word_1_270' title='bbox 1328 3005 1378 3045; x_wconf 91' lang='lat' dir='ltr'><strong>et</strong></span> <span class='ocrx_word' id='word_1_271' title='bbox 1408 3005 1612 3061; x_wconf 87' lang='lat' dir='ltr'><strong>quatuor</strong></span> <span class='ocrx_word' id='word_1_272' title='bbox 1642 3013 1773 3044; x_wconf 89' lang='lat' dir='ltr'><strong>acras</strong></span> <span class='ocrx_word' id='word_1_273' title='bbox 1807 3006 1931 3045; x_wconf 84' lang='lat' dir='ltr'><strong>terre</strong></span> <span class='ocrx_word' id='word_1_274' title='bbox 1961 2997 2011 3044; x_wconf 95' lang='lat' dir='ltr'><strong>in</strong></span> <span class='ocrx_word' id='word_1_275' title='bbox 2044 2995 2153 3044; x_wconf 86' lang='lat' dir='ltr'><strong>villa</strong></span> <span class='ocrx_word' id='word_1_276' title='bbox 2182 2997 2242 3045; x_wconf 89' lang='lat' dir='ltr'><strong>de</strong></span> <span class='ocrx_word' id='word_1_277' title='bbox 2272 2997 2406 3046; x_wconf 92' lang='lat' dir='ltr'><strong>Ken-</strong></span> 
     </span>
     <span class='ocr_line' id='line_1_26' title="bbox 411 3081 2403 3150; baseline 0.002 -20"><span class='ocrx_word' id='word_1_278' title='bbox 411 3081 616 3131; x_wconf 89' lang='lat' dir='ltr'><strong>audhem</strong></span> <span class='ocrx_word' id='word_1_279' title='bbox 630 3098 720 3147; x_wconf 89' lang='lat' dir='ltr'><strong>que</strong></span> <span class='ocrx_word' id='word_1_280' title='bbox 744 3082 803 3131; x_wconf 83' lang='lat' dir='ltr'><strong>ab</strong></span> <span class='ocrx_word' id='word_1_281' title='bbox 818 3081 907 3132; x_wconf 88' lang='lat' dir='ltr'><strong>alio</strong></span> <span class='ocrx_word' id='word_1_282' title='bbox 923 3083 1115 3133; x_wconf 91' lang='lat' dir='ltr'><strong>nomine</strong></span> <span class='ocrx_word' id='word_1_283' title='bbox 1130 3083 1305 3133; x_wconf 90' lang='lat' dir='ltr'><strong>dicitur</strong></span> <span class='ocrx_word' id='word_1_284' title='bbox 1321 3083 1580 3148; x_wconf 87' lang='lat' dir='ltr'><strong>Dolpatrik</strong></span> <span class='ocrx_word' id='word_1_285' title='bbox 1597 3084 1814 3134; x_wconf 86' lang='lat' dir='ltr'><strong>videlicet</strong></span> <span class='ocrx_word' id='word_1_286' title='bbox 1835 3086 2011 3134; x_wconf 85' lang='lat' dir='ltr'><strong>toftum</strong></span> <span class='ocrx_word' id='word_1_287' title='bbox 2034 3085 2084 3134; x_wconf 88' lang='lat' dir='ltr'><strong>in</strong></span> <span class='ocrx_word' id='word_1_288' title='bbox 2106 3102 2200 3150; x_wconf 93' lang='lat' dir='ltr'><strong>quo</strong></span> <span class='ocrx_word' id='word_1_289' title='bbox 2218 3085 2403 3135; x_wconf 88' lang='lat' dir='ltr'><strong>Alanus</strong></span> 
     </span>
    </p>
   </div>
  </div>
 </body>
</html>
