2756 3926
376 378 438 424 60
1138 371 1614 423 REGISTRUM

376 526 435 575 de
453 525 741 592 Kyntochyr
763 526 928 574 manfit
953 542 1008 573 eo
1031 524 1127 589 ipso
1152 541 1245 589 quo
1268 523 1391 572 hanc
1414 532 1596 573 cartam
1618 541 1774 573 meam
1798 524 1864 573 eis
1887 524 1999 573 dedi
2022 542 2131 573 cum
2154 542 2264 573 acra
2286 543 2376 590 que

375 614 581 680 pertinet
597 614 658 662 ad
675 614 801 662 idem
819 613 991 662 toftum
1008 621 1220 678 tempore
1233 611 1443 677 predicto
1458 620 1505 660 et
1520 630 1629 660 cum
1643 612 1839 678 edificijs
1855 629 1947 678 que
1960 621 2076 661 tunc
2092 623 2226 661 erant
2242 614 2378 677 super

375 703 503 751 idem
527 702 697 751 toftum
727 711 774 750 et
802 701 974 749 toftum
998 709 1046 749 et
1073 709 1249 748 terram
1273 717 1365 764 que
1391 709 1508 748 tunc
1535 702 1790 764 jacuerunt
1821 701 1944 749 inter
1966 701 2162 749 domum
2185 700 2379 749 Ricardi

376 800 423 839 et
446 790 641 839 domum
664 788 930 844 COalsnacht
962 797 1010 838 et
1041 787 1168 836 illam
1198 797 1374 836 terram
1402 805 1544 853 quam
1567 788 1731 836 addidi
1755 788 1821 837 eis
1844 788 1953 837 alibi
1977 789 2027 836 in
2050 806 2162 855 agro
2185 790 2247 837 ad
2269 807 2378 855 per-

375 878 631 927 ficiendum
660 878 894 942 predictas
924 886 1128 943 quatuor
1161 893 1343 925 marcas
1373 876 1556 943 [acras]
1586 886 1634 925 et
1659 878 1898 943 pasturam
1931 878 2099 944 viginti
2130 896 2378 927 vaccarum

377 976 424 1015 et
458 966 698 1032 sexaginta
732 966 894 1015 ouium
928 976 976 1015 et
1010 966 1211 1014 duorum
1248 983 1480 1030 equorum
1514 983 1624 1014 cum
1659 966 1876 1014 omnibus
1910 965 2015 1032 alijs
2049 967 2379 1015 communibus

376 1054 671 1119 ayfiamentis
706 1054 1035 1120 prenominate
1069 1053 1177 1102 ville
1212 1052 1472 1118 Dolpatrik
1511 1081 1521 1091 ·
1559 1052 1793 1102 Tenenda
1822 1053 1904 1101 fibi
1936 1063 1984 1102 et
2017 1054 2287 1119 poffidenda
2319 1056 2380 1103 de

376 1159 453 1190 me
488 1151 536 1191 et
569 1142 822 1191 heredibus
855 1129 974 1191 meis
1007 1141 1216 1208 plenarie
1251 1151 1299 1190 et
1333 1141 1590 1190 honorifice
1625 1150 1672 1189 et
1707 1140 1852 1190 libere
1887 1150 1936 1190 et
1970 1142 2130 1206 quiete
2162 1144 2221 1191 ab
2253 1144 2382 1191 omni

378 1232 618 1281 exactione
650 1241 697 1281 et
727 1232 918 1281 seruicio
949 1230 1143 1280 seculari
1166 1248 1254 1296 ego
1276 1248 1388 1280 vero
1412 1238 1461 1279 et
1484 1230 1682 1279 heredes
1706 1230 1799 1278 mei
1830 1230 2061 1296 prefatam
2085 1231 2380 1282 elemofinam

377 1320 595 1386 predictis
629 1321 789 1369 abbati
829 1330 877 1369 et
917 1319 1176 1369 conuentui
1212 1328 1379 1368 contra
1413 1336 1577 1367 omnes
1611 1318 1828 1368 homines
1861 1320 2299 1369 warrantizabimus
2335 1329 2382 1370 et

379 1419 535 1458 totum
565 1410 843 1458 forinsecum
874 1409 1121 1458 seruicium
1153 1408 1279 1474 quod
1306 1408 1369 1457 ad
1397 1410 1498 1473 jam
1531 1408 1653 1456 dicta
1679 1408 1962 1474 pertinuerit
1988 1427 2075 1474 pro
2103 1409 2170 1458 eis
2201 1410 2251 1457 in
2278 1428 2381 1476 per-

378 1508 579 1565 petuum
601 1498 974 1563 acquietabimus
1000 1526 1009 1537 ·
1036 1498 1148 1564 Hijs
1171 1497 1367 1546 testibus
1390 1496 1582 1545 domino
1608 1525 1618 1535 ·
1644 1496 1691 1544 R
1727 1523 1740 1536 ο
1776 1497 1947 1546 comite
1971 1498 2030 1546 de
2057 1497 2342 1564 Stratheryn
2371 1529 2380 1537 ·

379 1588 575 1636 domino
598 1587 638 1634 ff
658 1615 668 1625 ·
692 1587 837 1635 fratre
860 1586 1000 1652 ipfius
1026 1614 1037 1624 ·
1062 1586 1255 1634 domino
1281 1585 1327 1632 R
1352 1612 1364 1623 ·
1396 1585 1456 1633 de
1479 1585 1706 1634 Louetoft
1732 1614 1743 1623 ·
1772 1585 1981 1651 prediola
2004 1586 2196 1635 domina
2222 1586 2385 1636 Solina

378 1695 524 1727 vxore
558 1694 666 1725 mea
703 1703 715 1714 ·
754 1675 976 1742 Philippo
999 1684 1048 1724 et
1073 1675 1286 1723 Roberto
1309 1673 1418 1740 filijs
1439 1674 1559 1723 meis
1584 1702 1595 1713 ·
1630 1674 1846 1740 magistro
1871 1675 1913 1725 C
1950 1702 1962 1714 ·
1998 1674 2166 1724 clerico
2189 1677 2384 1742 predicti

379 1764 564 1814 comitis
591 1792 601 1803 ·
626 1763 668 1811 B
696 1791 706 1802 ·
739 1763 799 1812 de
822 1763 1009 1830 Dunyn
1042 1790 1053 1802 ·
1086 1762 1301 1830 coagistro
1327 1762 1377 1810 H
1413 1790 1424 1801 ·
1456 1761 1553 1810 filio
1579 1761 1821 1812 Trestram
1848 1790 1858 1801 ·
1885 1762 2122 1812 Trestram
2146 1764 2205 1812 de
2231 1763 2385 1832 Gorty

381 1864 428 1903 et
452 1853 616 1902 multiS
639 1852 744 1919 alijs
764 1879 775 1893 ·

390 2104 551 2170 Carta
575 2120 634 2169 de
658 2119 895 2186 Petlandy
918 2137 1006 2186 pro
1029 2128 1232 2184 quatuor
1255 2118 1374 2167 acris
1399 2145 1410 2156 ·

299 2305 363 2351 62
391 2278 650 2344 Omnibus
673 2296 824 2344 sancte
855 2295 1017 2350 coatris
1048 2294 1237 2343 ecclesie
1264 2293 1375 2359 filijs
1406 2293 1596 2359 presens
1620 2293 1846 2357 scriptum
1873 2294 2037 2342 visuris
2060 2294 2136 2343 vel
2165 2294 2395 2344 audituris

386 2384 543 2432 Lucas
580 2383 704 2432 filius
746 2383 963 2449 Tebaldy
996 2383 1079 2449 filij
1117 2381 1342 2431 Willelmi
1383 2390 1595 2430 eternam
1629 2381 1679 2429 in
1713 2381 1907 2431 domino
1941 2381 2134 2431 salutem
2171 2410 2182 2422 ·
2228 2384 2391 2432 Sciant

390 2490 552 2521 omnes
584 2482 683 2521 tam
713 2473 948 2537 presentes
979 2489 1121 2536 quam
1147 2470 1295 2519 futuri
1325 2488 1402 2519 me
1433 2470 1641 2519 caritatis
1673 2470 1851 2518 intuitu
1883 2480 1930 2519 et
1960 2489 2046 2536 pro
2068 2471 2213 2520 salute
2236 2473 2391 2521 anime

391 2579 496 2610 mee
519 2570 568 2609 et
591 2561 931 2610 antecefforum
961 2578 1178 2609 meorum
1206 2569 1253 2608 et
1283 2559 1588 2608 succefforum
1613 2557 1789 2606 dedifi‘e
1818 2560 2076 2608 conceffifl'e
2101 2570 2148 2608 et
2170 2560 2259 2609 hac
2293 2579 2395 2626 pre-

392 2650 509 2699 senti
532 2659 662 2698 carta
682 2667 788 2698 mea
810 2648 1099 2698 confirmafl‘e
1124 2648 1213 2696 deo
1237 2656 1285 2696 et
1307 2648 1443 2696 beate
1466 2647 1622 2701 COarie
1646 2654 1694 2695 et
1715 2647 1854 2695 beato
1883 2646 2095 2696 Johanni
2117 2648 2324 2714 apostolo
2348 2660 2395 2697 et

393 2738 677 2804 euangeliste
708 2747 756 2786 et
786 2737 946 2786 abbati
975 2747 1024 2786 et
1047 2736 1308 2786 conuentui
1332 2736 1391 2784 de
1424 2734 1583 2784 Insula
1604 2735 1850 2790 COifl'arum
1878 2744 1926 2784 et
1954 2734 2179 2784 luminari
2206 2739 2396 2804 majoris

394 2827 552 2877 altaris
586 2827 738 2875 sancte
773 2826 927 2881 COarie
958 2826 1167 2892 ejusdem
1201 2824 1388 2874 ecclefie
1423 2825 1473 2872 in
1506 2841 1676 2890 puram
1710 2834 1758 2872 et
1789 2833 2066 2890 perpetuam
2100 2825 2396 2875 elemosinam

397 2928 547 2967 totam
570 2917 699 2965 illam
728 2915 1008 2982 perticulam
1036 2925 1160 2964 terre
1183 2914 1233 2962 in
1260 2923 1390 2963 terra
1411 2931 1520 2963 mea
1543 2913 1602 2962 de
1627 2912 1862 2979 Petlandy
1887 2931 1980 2978 que
2007 2915 2137 2978 jacet
2164 2915 2286 2964 inter
2308 2926 2397 2964 ter·

397 3023 499 3055 ram
522 3023 665 3070 quam
687 3013 823 3070 pater
844 3021 977 3052 meus
1000 3012 1048 3052 et
1071 3020 1157 3068 ego
1176 3002 1309 3051 dictis
1332 3001 1491 3050 abbati
1514 3010 1562 3050 et
1579 3001 1835 3051 conuentui
1853 3001 2097 3050 caritatiue
2114 3003 2399 3052 contulimus

400 3095 451 3143 in
475 3104 599 3144 terra
628 3111 720 3159 que
742 3102 934 3142 vocatur
964 3091 1236 3141 Flechirflat
1259 3100 1307 3140 et
1329 3090 1454 3139 viam
1477 3107 1696 3156 magnam
1727 3108 1819 3156 que
1841 3090 1970 3140 vadit
2002 3100 2049 3140 et
2072 3092 2226 3141 tendit
2248 3093 2403 3141 versus
