2808 3926
461 377 525 423 36
1223 373 1700 424 REGISTRUM

460 530 716 598 Achbethy
750 530 800 579 in
836 547 1027 580 nemore
1067 530 1222 578 nostro
1259 529 1318 577 de
1355 527 1703 593 Rosmadirdyn
1741 528 1881 592 vsque
1920 529 1982 576 ad
2016 528 2174 577 villam
2214 530 2273 579 de
2314 531 2461 580 Perth

457 618 953 684 pontemqueibidem
987 616 1208 665 firmandi
1240 616 1378 681 super
1405 624 1578 663 terram
1609 615 1812 663 nostram
1841 624 1888 663 et
1917 616 2154 665 firmatum
2176 618 2461 667 sustentandi

457 707 720 773 sumptibus
752 706 979 755 dietorum
1011 704 1197 753 abbatis
1233 713 1280 752 et
1315 711 1578 752 conuentus
1613 703 1875 768 eodemque
1903 713 2049 769 ponte
2078 706 2242 754 vtendi
2272 706 2321 754 in
2349 724 2459 772 per-

455 805 654 861 petuum
681 812 766 860 pro
796 794 944 842 libero
973 793 1051 841 sue
1079 791 1336 840 voluntatis
1365 791 1560 840 arbitrio
1587 793 1682 840 fine
1717 791 1875 856 aliqua
1905 792 2235 843 reclamatione
2270 804 2458 844 contra-

454 883 653 932 diffitione
688 891 770 931 aut
791 881 1065 948 grauamine
1089 880 1231 929 nostri
1254 889 1336 929 aut
1366 879 1596 929 heredum
1627 880 1887 928 nostrorum
1917 909 1927 920 -
1962 882 2086 931 vnde
2114 883 2309 932 firmiter
2330 883 2458 932 inhi-

452 978 616 1024 bemus
649 975 956 1024 seruientibus
987 973 1152 1022 nostris
1184 973 1265 1039 qui
1296 990 1383 1039 pro
1411 982 1623 1039 tempore
1653 972 1827 1022 fuerint
1856 973 2032 1022 dietum
2059 990 2226 1023 nemus
2249 974 2458 1022 nostrum

452 1063 817 1113 custodientibus
841 1072 888 1112 et
911 1062 1181 1128 inposterim
1207 1061 1504 1110 custodituris
1528 1079 1588 1110 ne
1612 1061 1745 1111 dietis
1768 1061 1987 1128 religiofis
2010 1062 2091 1111 seu
2124 1079 2286 1111 eorum
2309 1063 2456 1112 homi·

450 1153 588 1201 nibus
621 1170 729 1202 cum
768 1169 854 1218 per
887 1151 1065 1200 dio'tum
1100 1160 1295 1216 pontem
1323 1159 1372 1199 et
1405 1151 1530 1199 viam
1559 1150 1820 1199 tranfierint
1850 1151 2110 1216 medietam
2137 1169 2223 1217 pro
2255 1151 2456 1218 negotiis

448 1243 538 1290 suis
572 1241 879 1308 expediendis
914 1240 964 1288 in
999 1241 1140 1289 rebus
1176 1239 1267 1288 suis
1305 1249 1387 1288 aut
1421 1239 1630 1305 personis
1666 1238 1922 1288 molestiam
1956 1240 2216 1306 dampnum
2253 1251 2336 1289 aut
2369 1240 2456 1289 ali-

449 1332 563 1397 quid
606 1348 863 1398 grauamen
909 1329 978 1378 eis
1037 1337 1119 1377 aut
1166 1345 1329 1378 eorum
1376 1328 1597 1393 cuiquam
1642 1328 1813 1377 inferre
1858 1329 2127 1394 presumant
2179 1358 2188 1368 ·
2236 1331 2454 1378 volumus

447 1420 590 1468 etiam
625 1437 712 1485 pro
743 1417 879 1467 nobis
906 1426 955 1466 et
982 1416 1233 1465 heredibus
1261 1415 1428 1465 nostris
1457 1416 1584 1481 quod
1613 1417 1646 1463 fi
1678 1416 1922 1482 contingat
1961 1417 2182 1465 animalia
2222 1417 2451 1466 dietorum

446 1508 629 1558 abbatis
660 1517 708 1556 et
740 1515 1003 1556 conuentus
1031 1515 1113 1555 aut
1139 1505 1388 1555 hominum
1419 1505 1605 1553 suorum
1628 1505 1677 1552 in
1700 1505 1935 1570 pasturam
1964 1506 2166 1554 nostram
2201 1507 2452 1572 transgres-

444 1599 543 1646 sum
578 1598 732 1647 faeere
766 1615 910 1644 vnum
941 1596 1187 1644 denarium
1216 1594 1403 1661 argenti
1430 1612 1517 1660 pro
1546 1594 1756 1659 quolibet
1783 1595 2060 1661 transgreffu
2091 1596 2320 1645 dietorum
2348 1596 2451 1644 ani-

442 1686 634 1735 malium
664 1685 853 1734 nomine
881 1703 1004 1751 pene
1032 1687 1126 1733 fine
1157 1685 1334 1748 majore
1363 1683 1603 1732 exaotione
1630 1683 1940 1732 seruientibus
1963 1684 2128 1733 nostris
2151 1694 2198 1733 et
2220 1685 2449 1734 heredum

442 1776 703 1824 nostrorum
735 1774 1005 1839 persoluant
1039 1773 1122 1821 nifi
1157 1772 1377 1821 animalia
1412 1773 1643 1821 diotorum
1678 1772 1995 1839 religiosorum
2029 1773 2212 1822 abbatis
2252 1784 2300 1822 et
2341 1792 2447 1824 con-

440 1873 612 1913 uentus
641 1864 721 1912 seu
750 1863 996 1912 hominum
1028 1862 1286 1911 eorundem
1318 1862 1368 1908 in
1401 1862 1556 1910 nostra
1585 1862 1773 1926 pastura
1803 1862 2009 1926 prediota
2031 1862 2090 1911 de
2113 1872 2251 1911 noete
2274 1863 2349 1912 vel
2372 1864 2447 1912 die

439 1954 620 2018 pastore
657 1962 849 2002 tenente
886 1951 961 2000 vel
998 1951 1217 2017 pascente
1255 1950 1559 1999 inueniantur
1598 1951 1832 2016 pascentia
1867 1951 1972 1999 Nos
2012 1969 2121 2000 vero
2163 1961 2210 2000 et
2249 1952 2446 2002 heredes

438 2043 579 2091 nostri
609 2043 780 2092 dietam
812 2041 1115 2091 donationem
1146 2040 1350 2088 nostram
1384 2047 1437 2088 vt
1468 2039 1730 2105 prediffmm
1762 2041 1827 2088 est
1855 2050 2020 2089 contra
2042 2058 2204 2090 omnes
2231 2041 2446 2091 homines

437 2129 485 2176 in
516 2139 799 2195 perpetuum
825 2128 1262 2177 warrantizabimus
1291 2136 1338 2176 et
1366 2126 1674 2176 defendemus
1712 2155 1723 2167 ·
1760 2128 1821 2176 In
1856 2130 1991 2194 eujus
2026 2129 2095 2177 rei
2129 2129 2443 2178 testimonium

435 2217 544 2266 huie
565 2219 735 2284 scripto
753 2217 948 2284 sigillum
968 2218 1174 2266 nostrum
1200 2215 1376 2282 apponi
1398 2216 1594 2264 fecimus
1616 2244 1626 2254 ·
1650 2215 1837 2264 Datum
1854 2217 1985 2283 apud
2005 2216 2218 2266 Gaiknes
2238 2218 2314 2268 die
2331 2218 2442 2267 lune

433 2307 645 2372 proxima
674 2317 784 2357 ante
816 2307 985 2356 festum
1023 2306 1175 2354 fauete
1212 2304 1367 2359 marie
1401 2303 1688 2370 magdalene
1717 2323 1843 2354 anno
1876 2306 2026 2371 gratie
2059 2306 2297 2356 millesimo
2336 2314 2440 2357 eomo

428 2396 759 2462 septuagesimo
795 2395 958 2443 ootauo
998 2421 1009 2433 ·
1052 2392 1162 2440 Hiis
1192 2392 1387 2441 testibus
1429 2391 1630 2440 dominis
1667 2392 1906 2441 Willelmo
1944 2402 1991 2442 et
2028 2393 2305 2443 Alexandro
2341 2397 2436 2444 fra-

430 2483 581 2531 tribus
605 2482 769 2531 nostris
795 2509 806 2520 ·
835 2480 1039 2529 dominis
1069 2479 1304 2528 Nicholao
1328 2479 1387 2528 de
1410 2479 1609 2544 Vepunt
1638 2489 1685 2528 et
1715 2479 1936 2546 Philippo
1962 2479 2148 2530 Olifard
2172 2481 2397 2531 militibus
2423 2505 2434 2514 ·

429 2570 586 2619 Alano
604 2569 770 2619 elerico
795 2597 806 2610 ·
832 2569 1052 2635 Fergufio
1076 2567 1356 2633 CO⁰Kenady
1383 2595 1393 2607 ·
1427 2567 1639 2632 Hugone
1661 2567 1793 2616 fabro
1821 2596 1830 2607 ·
1856 2568 2011 2617 Alano
2034 2570 2261 2620 seruiente
2279 2573 2433 2621 nostro

430 2667 477 2708 et
494 2657 653 2707 multis
677 2657 777 2706 aliis
801 2682 813 2696 ·
