2808 3926
483 364 546 411 26
1271 360 1442 411 REGI
1451 360 1698 409 STRUM

479 517 675 565 firmaffe
699 517 788 566 deo
819 527 866 565 et
897 515 1083 565 ecclefie
1109 515 1249 564 sancti
1279 515 1312 563 J
1314 514 1511 563 ohannis
1534 514 1728 579 apostoli
1750 524 1798 564 et
1820 514 2101 580 euangeliste
2133 515 2193 565 de
2225 517 2482 566 Inchaffrin

479 615 526 653 et
557 605 792 654 canonicis
823 605 998 653 ibidem
1025 605 1115 653 deo
1148 603 1454 652 seruientibus
1483 611 1533 651 et
1558 602 1796 651 seruituris
1824 612 1974 651 totam
2000 612 2174 652 terram
2205 605 2264 654 de
2289 606 2484 655 Arden-

476 710 587 759 gam
618 711 703 758 per
725 694 872 742 rectas
896 692 1062 740 diuisas
1085 692 1186 739 suas
1210 701 1258 739 et
1281 708 1390 739 cum
1415 690 1634 739 omnibus
1660 689 1797 755 justis
1829 690 2125 756 pertinentiis
2148 692 2239 740 suis
2263 703 2310 742 et
2334 704 2482 742 totam

479 791 652 829 terram
680 781 739 829 de
762 780 1115 829 Achinlonxich
1141 797 1228 846 per
1253 781 1400 828 rectas
1429 778 1598 827 diuisas
1629 779 1732 827 suas
1763 787 1811 827 et
1843 796 1952 827 cum
1975 780 2192 828 omnibus
2214 782 2351 846 justis
2373 800 2482 847 per-

477 869 686 919 tinentiis
717 869 807 917 suis
839 878 886 918 et
916 878 1066 917 totam
1095 878 1272 917 terram
1300 868 1360 916 de
1393 867 1649 916 Dubinder
1680 885 1765 932 per
1794 869 1941 917 rectas
1970 869 2138 917 diuisas
2169 870 2271 918 suas
2300 880 2347 919 et
2375 889 2483 919 cum

476 941 694 1007 omnibus
722 958 859 1023 justis
889 957 1186 1023 pertinentiis
1214 966 1261 1005 et
1289 965 1437 1005 totam
1466 966 1640 1006 terram
1663 956 1790 1005 illam
1814 974 1905 1022 que
1928 958 2211 1012 COachranin
2236 977 2327 1024 que
2358 960 2483 1008 anti-

475 1047 633 1111 quitus
668 1046 884 1095 Abbacia
917 1046 1172 1095 vocabatur
1211 1063 1298 1111 per
1336 1047 1483 1094 rectas
1519 1045 1686 1093 diuisas
1720 1045 1823 1093 suas
1864 1054 1911 1093 et
1946 1063 2054 1094 cum
2090 1047 2310 1095 omnibus
2345 1049 2481 1113 justis

475 1135 771 1201 pertinentiis
793 1135 884 1183 suis
910 1164 920 1173 ·
947 1135 1200 1184 Tenendas
1229 1135 1278 1182 in
1304 1134 1502 1183 liberam
1529 1151 1698 1200 puram
1727 1143 1774 1182 et
1801 1143 2082 1200 perpetuam
2118 1135 2402 1185 elimosinam
2433 1137 2482 1184 in

476 1225 608 1273 bosco
632 1234 680 1273 et
702 1224 843 1289 plano
867 1225 915 1272 in
940 1225 1075 1273 terris
1099 1234 1147 1273 et
1174 1223 1307 1288 aquis
1331 1223 1382 1271 in
1406 1223 1555 1287 pratis
1580 1232 1627 1272 et
1650 1223 1830 1289 pascuis
1855 1224 1906 1271 in
1928 1224 2070 1272 moris
2095 1234 2143 1273 et
2170 1226 2398 1274 marrefiis
2430 1227 2477 1275 in

472 1313 665 1379 petariis
689 1323 737 1361 et
760 1312 949 1361 vinariis
972 1313 1022 1361 in
1044 1312 1218 1378 stagnis
1246 1321 1294 1361 et
1323 1312 1604 1360 molendinis
1631 1322 1679 1360 et
1707 1313 1925 1360 omnibus
1949 1313 2049 1361 aliis
2075 1314 2212 1378 justis
2235 1315 2479 1380 pertinen-

471 1402 548 1450 tiis
572 1401 663 1449 suis
688 1411 734 1450 et
758 1419 867 1450 cum
891 1401 1112 1450 omnibus
1135 1400 1238 1448 aliis
1262 1400 1545 1449 aifiamentis
1573 1400 1636 1448 ad
1662 1401 1893 1466 predictas
1917 1411 2064 1450 terras
2087 1404 2210 1468 juste
2234 1404 2479 1469 pertinen-

470 1490 596 1538 tibus
626 1490 770 1539 libere
800 1500 848 1539 et
872 1491 1031 1555 quiete
1061 1489 1271 1556 plenarie
1304 1498 1351 1538 et
1381 1489 1641 1538 honorifice
1671 1490 1730 1538 ab
1763 1490 1893 1538 omni
1927 1490 2100 1540 auxilio
2129 1501 2176 1540 et
2207 1493 2398 1542 seruicio
2431 1504 2479 1542 et

471 1580 809 1628 consuetudine
839 1589 888 1628 et
919 1579 1113 1628 seculari
1144 1579 1384 1628 exactione
1421 1606 1432 1618 ·
1472 1578 1634 1636 Quare
1670 1578 1775 1627 volo
1805 1588 1856 1627 vt
1887 1580 2084 1643 predicti
2121 1582 2334 1631 canonici
2366 1600 2476 1648 pre-

470 1669 614 1717 dictas
638 1678 785 1717 terras
816 1687 901 1734 per
930 1670 1079 1718 rectas
1103 1668 1270 1716 diuisas
1301 1669 1404 1716 suas
1435 1678 1482 1716 et
1510 1686 1619 1716 cum
1651 1668 1869 1716 omnibus
1896 1669 2035 1734 justis
2065 1671 2363 1736 pertinentiis
2385 1673 2476 1720 suis

469 1757 535 1806 ita
564 1757 710 1806 libere
733 1766 781 1806 et
812 1757 970 1822 quiete
1000 1756 1210 1822 plenarie
1241 1766 1290 1805 et
1321 1756 1579 1805 honorifice
1611 1757 1660 1804 in
1683 1756 1880 1806 liberam
1911 1768 1958 1807 et
1987 1759 2196 1823 quietam
2228 1770 2275 1809 et
2306 1779 2475 1826 puram

468 1856 515 1895 et
546 1856 824 1912 perpetuam
857 1845 1151 1894 elemosinam
1186 1845 1392 1894 habeant
1421 1855 1469 1894 et
1503 1846 1762 1911 poffideant
1797 1848 1912 1895 ficut
1948 1846 2105 1913 aliqua
2141 1848 2389 1899 elemofina
2425 1852 2474 1898 in

466 1952 613 2000 regno
640 1934 799 1984 Scotie
824 1935 883 1983 de
906 1934 1061 2000 aliquo
1080 1935 1266 1984 'comite
1288 1935 1481 1984 liberius
1505 1944 1553 1984 et
1577 1935 1786 2000 quiecius
1811 1935 1995 2002 plenius
2019 1947 2067 1986 et
2089 1937 2473 1989 honorificentius

466 2034 656 2074 tenetur
690 2034 738 2072 et
772 2024 1025 2090 poffidetur
1062 2053 1072 2062 -
1111 2023 1219 2072 Hiis
1254 2024 1448 2073 testibus
1483 2023 1691 2072 Jonatha
1725 2024 1945 2090 episcopo
1977 2025 2306 2076 Dunblanenfi
2340 2055 2351 2068 ·
2377 2031 2434 2084 α)
2460 2056 2472 2069 ·

465 2113 689 2162 comitiffa
729 2113 788 2161 de
829 2112 1114 2179 Stratheryn
1153 2140 1163 2151 ·
1208 2111 1390 2167 malifio
1426 2113 1568 2161 fratre
1606 2113 1789 2162 comitis
1833 2142 1844 2152 ·
1885 2113 2082 2163 Ferteth
2117 2115 2213 2164 filio
2252 2118 2434 2167 comitis
2461 2148 2472 2159 ·

465 2202 670 2257 matilda
692 2201 789 2250 filia
812 2202 995 2251 comitis
1030 2231 1039 2240 ·
1069 2202 1102 2251 J
1105 2202 1290 2250 ohanne
1313 2201 1640 2251 archidiacono
1671 2231 1681 2241 ·
1718 2202 1962 2251 Abbraam
1986 2204 2227 2269 capellano
2251 2207 2434 2256 comitis
2461 2237 2470 2246 ·

467 2291 819 2340 Gillmanenich
847 2291 1057 2357 dapifero
1090 2291 1274 2339 comitis
1311 2318 1323 2330 ·
1359 2290 1543 2345 COalifio
1570 2291 1667 2339 filio
1696 2291 1775 2340 suo
1812 2318 1824 2330 ·
1862 2291 2079 2341 Grilberto
2107 2294 2226 2342 socio
2250 2296 2433 2344 comitis
2460 2325 2471 2335 ·

467 2381 775 2430 Constantino
821 2380 983 2446 judice
1035 2408 1048 2420 ·
1103 2380 1349 2430 Grillebrek
1394 2379 1627 2429 Anacholl
1675 2381 1734 2428 de
1781 2380 1972 2446 Dunyn
2026 2410 2036 2420 ·
2088 2382 2329 2432 Duncano
2375 2385 2470 2433 filio

465 2469 634 2523 Coalifii
668 2498 677 2508 ·

469 2718 795 2784 Confirmatio
819 2736 1003 2785 comitis
1025 2735 1195 2791 coalifii
1217 2737 1354 2803 super
1376 2737 1512 2786 donis
1535 2738 1907 2804 predecefforum
1930 2738 2118 2787 suorum
2144 2767 2156 2778 -

375 2923 438 2968 25
467 2896 723 2962 Omnibus
757 2913 846 2962 hoc
879 2914 1103 2980 scriptum
1132 2914 1294 2963 visuris
1328 2914 1401 2963 vel
1437 2915 1666 2964 audituris
1703 2944 1714 2955 ·
1753 2918 1811 2971 CC)
1841 2945 1852 2956 ·
1890 2935 2045 2967 comes
2083 2918 2143 2967 de
2181 2919 2465 2989 Stratheryn

461 3000 654 3050 salutem
703 3030 713 3040 ·
770 3000 977 3050 Nouerit
1015 3001 1287 3050 vniuerfitas
1333 3003 1482 3051 vestra
1526 3004 1654 3068 quod
1700 3022 1808 3052 cum
1856 3022 1941 3052 nos
1987 3014 2034 3053 et
2080 3005 2277 3055 heredes
2323 3010 2466 3058 nostri

462 3101 679 3139 tenemur
705 3108 765 3139 ex
793 3090 918 3140 dono
949 3091 1118 3140 nobilis
1146 3091 1234 3139 viri
1265 3090 1469 3141 Gilberti
1495 3092 1574 3140 aui
1601 3092 1744 3141 nostri
1772 3102 1819 3141 et
1847 3093 1989 3141 etiam
2018 3112 2075 3142 ex
2105 3096 2462 3147 confirmatione
