2808 3926
1066 365 1169 414 DE
1214 361 1753 416 INCHAFFERY.
2354 364 2414 409 31

400 589 580 657 Litera
594 606 914 657 testimonialis
928 605 1242 655 archidiaconi
1264 604 1613 654 Dunblanenfis
1636 604 1696 652 de
1720 603 1889 670 viginti
1913 602 2070 653 solidis
2094 600 2339 650 annuatim
2361 628 2370 638 ·

310 789 370 834 31
402 767 583 835 Pateat
622 785 845 834 vniuerfis
883 783 1055 833 Christi
1095 781 1312 832 fidelibus
1352 799 1437 830 nos
1477 781 1529 829 N
1533 779 1767 830 icholaum
1810 780 1870 828 de
1919 779 2134 846 Kynbuk
2172 775 2407 826 archidia-

398 892 570 923 conum
605 874 993 923 Dunblanensem
1033 890 1118 937 per
1151 871 1462 920 instrumenta
1502 869 1744 919 autentica.
1784 867 1939 934 sigillis
1979 865 2315 916 venerabilium
2355 865 2404 913 in

398 963 584 1012 Christo
607 972 796 1027 patrum
819 961 1119 1011 dominorum
1145 959 1470 1025 episcoporum
1497 957 1638 1007 sancti
1670 957 1868 1006 Andree
1900 966 1948 1006 et
1977 954 2327 1004 Dunblanenfis
2357 963 2404 1002 et

395 1051 576 1100 domini
609 1050 786 1116 Rogeri
818 1048 1011 1114 Quincy
1039 1046 1224 1096 comitis
1255 1046 1472 1112 Wynton
1500 1044 1826 1110 constabillarij
1866 1044 2024 1094 Scotie
2055 1044 2274 1092 roborata
2304 1059 2402 1091 non

395 1137 650 1187 cancellata
689 1155 778 1186 nec
800 1137 849 1184 in
873 1135 1030 1201 aliqua
1050 1135 1118 1183 sui
1141 1143 1275 1200 parte
1298 1134 1472 1183 viciata
1493 1134 1615 1182 bene
1651 1143 1700 1182 et
1723 1133 1945 1182 decenter
1972 1132 2280 1199 cyrograffata
2302 1147 2406 1179 cer-

392 1227 559 1276 tificari
589 1244 676 1275 nos
703 1235 752 1274 et
772 1225 1045 1274 succeffores
1068 1225 1247 1272 nostros
1270 1222 1624 1271 archidiaconos
1656 1221 2035 1271 Dumblanenses
2062 1219 2258 1268 firmiter
2286 1217 2405 1267 obli-

390 1328 525 1385 gatos
552 1317 703 1367 teneri
737 1315 869 1365 dictis
900 1314 1059 1364 abbati
1087 1323 1135 1363 et
1166 1313 1423 1363 conuentui
1445 1313 1505 1362 de
1538 1311 1702 1360 Insula
1728 1312 1976 1366 COiffarum
1999 1320 2048 1360 et
2075 1308 2406 1358 succefl'oribus

390 1407 481 1456 suis
509 1407 559 1455 in
586 1405 752 1472 viginti
779 1404 946 1453 solidos
975 1403 1303 1469 sterlingorum
1330 1402 1583 1451 annuatim
1614 1400 1850 1451 soluendis
1879 1400 2051 1450 eisdem
2074 1397 2150 1448 vel
2172 1399 2253 1447 suo
2283 1406 2410 1446 certo

391 1497 614 1562 assignato
646 1494 708 1543 ad
734 1494 902 1542 festum
929 1492 1071 1541 sancti
1104 1490 1304 1543 martini
1336 1491 1385 1539 in
1427 1508 1565 1558 yeme
1601 1489 1730 1555 apud
1765 1488 1976 1555 Nefgask
2009 1504 2096 1554 pro
2125 1485 2319 1535 decimis
2359 1495 2406 1534 et

391 1584 610 1634 omnibus
632 1583 774 1631 rebus
797 1581 899 1630 aliis
923 1598 1040 1646 quas
1063 1579 1177 1628 dicti
1200 1579 1382 1628 domini
1404 1580 1549 1630 abbas
1573 1590 1621 1630 et
1643 1595 1910 1634 conuentus
1931 1583 2174 1649 percipere
2196 1580 2402 1630 solebant

391 1672 452 1721 de
492 1681 620 1721 terra
660 1688 752 1736 que
788 1669 961 1718 dicitur
1000 1667 1302 1733 Pettynefine
1336 1668 1519 1717 ratione
1553 1671 1740 1722 ecclesie
1776 1672 1856 1722 sue
1891 1672 1952 1720 de
1985 1670 2114 1720 Gask
2146 1669 2319 1719 Christi
2354 1678 2402 1717 et

390 1777 506 1825 quas
534 1776 621 1808 nos
650 1758 930 1822 poffidemus
957 1757 1140 1806 ratione
1169 1755 1355 1805 ecclefie
1380 1759 1532 1806 nostre
1555 1759 1615 1808 de
1641 1759 1852 1827 Nefgaik
1874 1759 2027 1826 gratia
2050 1758 2399 1823 compositionis

389 1848 512 1897 inter
540 1846 882 1913 predeceffores
914 1846 1094 1894 nostros
1121 1844 1239 1893 facte
1266 1845 1381 1893 ficut
1412 1844 1669 1895 indentura
1695 1848 1834 1914 super
1863 1847 1954 1897 hoc
1982 1846 2192 1896 confecta
2214 1845 2400 1912 plenius

390 1935 664 1985 continetur
688 1944 735 1984 et
757 1935 849 1984 hoc
871 1934 1089 1983 omnibus
1112 1950 1315 1998 quorum
1339 1933 1530 1983 interest
1554 1944 1719 1985 tenore
1737 1935 2029 2000 presencium
2046 1934 2360 2001 fignificamus
2387 1960 2397 1972 ·

392 2025 451 2072 In
489 2026 626 2088 cujus
658 2023 727 2072 rei
758 2022 1078 2072 testimonium
1115 2021 1407 2087 presentibus
1443 2021 1645 2088 figillum
1676 2023 1887 2072 nostrum
1923 2023 2224 2089 apposuimus
2262 2033 2310 2073 et
2349 2023 2399 2071 in

388 2112 661 2161 euidencius
695 2110 1017 2160 testimonium
1050 2108 1248 2176 figillum
1280 2109 1559 2159 venerabilis
1590 2111 1642 2158 in
1672 2110 1857 2160 Christo
1888 2110 2038 2176 patris
2071 2110 2251 2159 domini
2274 2109 2397 2159 Wil-

387 2200 516 2250 lelmi
557 2200 634 2248 dei
672 2198 825 2265 gratia
871 2198 1071 2264 episcopi
1111 2197 1463 2247 Dunblanenfis
1508 2208 1556 2247 et
1602 2198 1783 2247 domini
1823 2198 2076 2248 Laurencii
2121 2198 2288 2264 prioris
2334 2199 2393 2248 de

387 2287 653 2337 Abernethi
692 2286 870 2352 apponi
905 2286 1262 2352 procurauimus
1284 2285 1417 2335 Data
1439 2286 1567 2351 apud
1594 2285 1854 2335 Dunblane
1882 2286 1958 2335 die
1981 2286 2207 2351 mercurij
2247 2315 2258 2325 ·
2295 2288 2340 2351 xj
2380 2314 2391 2325 ·

387 2377 463 2426 die
485 2378 654 2426 mensis
676 2375 891 2442 Apprilis
922 2393 1047 2424 anno
1079 2375 1138 2424 ab
1170 2374 1491 2424 incarnatione
1520 2374 1694 2425 Christi
1720 2374 1962 2425 millesimo
1994 2382 2124 2425 cccm⁰
2157 2376 2392 2441 quinqua-

385 2467 559 2534 gesimo
583 2474 751 2515 octauo
779 2493 789 2504 ·

392 2713 552 2780 Carta
574 2730 753 2779 brafine
776 2729 836 2778 de
860 2728 1094 2796 Petlandy
1120 2755 1130 2767 ·

300 2905 365 2954 32
391 2889 646 2956 Omnibus
694 2905 866 2955 Christi
905 2905 1122 2955 fidelibus
1159 2905 1344 2971 presens
1383 2904 1607 2970 scriptum
1643 2903 1804 2952 visuris
1845 2902 1917 2953 vel
1956 2905 2188 2954 audituris
2228 2905 2385 2955 Lucas

387 2993 510 3043 filius
534 2995 798 3044 Theobaldi
816 2995 876 3044 de
900 2994 1131 3060 Petlandy
1155 3002 1368 3043 eternam
1392 2993 1440 3041 in
1464 2993 1655 3042 domino
1673 2993 1866 3042 salutem
1892 3022 1903 3032 ·
1932 2993 2172 3043 Nouerint
2189 2995 2384 3044 vniuerfi

387 3098 463 3135 me
484 3099 571 3149 pro
592 3082 738 3133 salute
759 3083 916 3134 anime
937 3099 1044 3134 mee
1065 3091 1115 3132 et
1142 3081 1303 3148 sponse
1326 3097 1429 3129 mee
1457 3089 1505 3129 et
1527 3079 1866 3128 antecefl'orum
1892 3096 2105 3128 meorum
2134 3079 2305 3129 dedifl’e
2336 3091 2386 3133 et
