2808 3926
379 384 440 429 48
1139 372 1619 423 REGISTRUM

379 602 563 669 Altera
586 619 840 668 indentura
862 618 997 683 super
1021 615 1163 665 terris
1187 615 1247 664 (16
1274 613 1541 664 Cambinch
1567 640 1578 653 ·

294 797 356 842 48
385 777 640 844 Omnibus
673 792 848 842 Christi
884 790 1100 840 fidelibus
1136 791 1226 840 hoc
1261 790 1486 856 scriptum
1515 788 1678 836 visuris
1709 787 1784 837 vel
1814 788 2044 837 audituris
2070 788 2298 837 Tristram
2331 790 2390 837 de

383 882 575 946 Gortyn
606 890 818 929 eternam
844 879 894 927 in
922 879 1113 927 domino
1139 878 1335 927 salutem
1359 904 1371 916 ·
1399 877 1606 925 Nouerit
1634 876 1905 925 vniuersitas
1938 877 2088 924 vestra
2119 876 2246 940 quod
2281 893 2390 924 cum

381 970 692 1019 controuersia
717 978 847 1017 mota
875 968 987 1016 efl'et
1014 968 1138 1017 inter
1165 968 1384 1016 abbatem
1409 975 1456 1014 et
1479 974 1767 1014 conuentum
1794 965 1854 1013 de
1883 964 2040 1013 Insula
2061 965 2306 1019 missarum
2331 984 2391 1014 ex

380 1066 514 1124 parte
536 1074 629 1105 vna
652 1066 699 1106 et
721 1074 798 1105 me
822 1074 882 1105 ex
905 1055 1051 1105 altera
1072 1056 1209 1122 super
1232 1055 1367 1104 terris
1392 1055 1451 1103 de
1476 1053 1741 1103 Cambinch
1765 1071 1855 1118 que
1879 1071 1939 1101 ex
1962 1054 2155 1102 arbitrio
2179 1054 2390 1103 virorum

380 1146 688 1210 prudentium
705 1146 890 1211 prouisa
910 1145 1002 1193 fuit
1019 1146 1176 1210 jacere
1195 1145 1243 1192 in
1263 1161 1512 1192 commune
1530 1143 1655 1191 inter
1672 1159 1757 1190 nos
1775 1143 1888 1190 sicut
1912 1141 2097 1208 plenius
2122 1143 2391 1191 continetur

382 1235 430 1282 in
453 1235 620 1300 scripto
645 1234 705 1283 de
728 1234 823 1300 ipso
847 1234 1037 1282 arbitrio
1061 1233 1268 1282 confe6³m
1292 1242 1340 1281 et
1363 1232 1528 1281 ceteris
1552 1231 1686 1280 terris
1710 1248 1824 1296 quas
1848 1231 2019 1297 prefati
2036 1232 2232 1297 religiosi
2255 1235 2392 1299 poffi-

382 1323 558 1372 debant
575 1323 625 1370 in
642 1323 810 1387 quibus
829 1340 915 1388 ego
934 1322 1082 1371 dictus
1102 1321 1329 1370 Tristram
1347 1321 1464 1368 mihi
1481 1330 1528 1368 et
1545 1320 1794 1368 heredibus
1811 1321 1926 1368 meis
1947 1320 2070 1386 [jus]
2091 1322 2391 1370 vendicabam

383 1422 430 1459 et
447 1411 653 1459 maxime
672 1411 731 1459 de
749 1410 1060 1459 infirmatorio
1075 1419 1122 1458 et
1138 1409 1314 1475 capella
1332 1418 1379 1457 et
1396 1408 1495 1457 aliis
1513 1408 1648 1456 terris
1667 1409 2106 1472 circumjacentibus
2123 1411 2238 1458 ficut
2254 1411 2390 1458 fofl'a-

384 1510 486 1548 tum
510 1500 574 1547 est
599 1499 963 1563 circumquaque
990 1526 1000 1536 ·
1027 1498 1245 1546 Tandem
1268 1498 1391 1546 inter
1414 1514 1500 1545 nos
1523 1496 1599 1545 die
1622 1497 1760 1545 saneti
1775 1496 2018 1545 Valentini
2039 1498 2241 1547 martiris
2265 1517 2389 1547 anno

382 1587 533 1653 gratie
547 1586 784 1635 millesimo
800 1593 902 1634 ccm⁰
915 1587 1191 1651 sexagesimo
1207 1585 1371 1650 quinto
1389 1584 1564 1651 [sexto]
1581 1585 1707 1650 apud
1727 1584 1932 1632 Insulam
1947 1585 2191 1639 COifl‘arum
2206 1587 2286 1634 sub
2301 1587 2388 1635 hac

384 1675 533 1724 forma
555 1675 823 1739 conquieuit
846 1674 1062 1723 videlicet
1089 1674 1215 1738 quod
1242 1691 1330 1739 ego
1354 1674 1502 1722 dictus
1521 1674 1746 1722 Tristram
1768 1674 1956 1738 promisi
1977 1673 2178 1723 fideliter
2201 1693 2287 1739 pro
2311 1694 2388 1723 me
2438 1696 2442 1698 ·

387 1774 434 1813 et
456 1763 708 1812 heredibus
731 1763 848 1812 meis
872 1763 1000 1828 quod
1028 1762 1173 1811 dictos
1204 1763 1424 1811 abbatem
1455 1771 1504 1811 et
1532 1771 1822 1810 conuentum
1853 1771 1901 1810 et
1932 1780 2097 1811 eorum
2128 1764 2402 1812 successores

388 1853 437 1899 in
460 1860 746 1917 perpetuum
768 1851 1047 1916 indempnes
1072 1850 1402 1899 conseruarem
1426 1850 1476 1898 in
1499 1850 1716 1898 omnibus
1741 1850 1799 1898 de
1821 1849 2060 1899 foriffaetis
2085 1852 2329 1900 commissis
2354 1861 2401 1900 et

389 1938 739 1988 committendis
775 1939 825 1986 in
862 1938 994 1987 curia
1031 1937 1211 1986 domini
1250 1938 1433 1986 comitis
1474 1938 1533 1986 de
1575 1936 1863 2002 Stratheryn
1898 1939 2133 1986 occasione
2168 1940 2401 1988 omnimo-

391 2029 559 2076 darum
583 2028 951 2077 conuentionum
973 2036 1211 2076 motarum
1234 2026 1359 2075 inter
1383 2043 1468 2075 nos
1491 2026 1628 2092 super
1652 2026 1783 2075 dictis
1812 2026 1951 2074 terris
1984 2036 2031 2075 et
2062 2027 2162 2075 aliis
2194 2046 2405 2077 conuen-

392 2117 596 2166 tionibus
631 2126 678 2165 et
712 2116 1038 2166 controuersiis
1074 2116 1213 2181 super
1248 2115 1418 2179 quibus
1453 2115 1573 2180 ipsos
1607 2115 1668 2162 ad
1696 2115 1930 2179 judicium
1964 2116 2088 2164 traxi
2122 2117 2326 2166 seculare
2357 2128 2406 2167 et

393 2215 545 2253 totum
563 2206 642 2269 jus
665 2223 825 2253 meum
849 2205 977 2270 quod
999 2204 1142 2252 habui
1164 2203 1238 2251 vel
1261 2203 1435 2252 habere
1458 2203 1593 2269 potui
1625 2202 1675 2250 in
1705 2203 1899 2269 prefatis
1926 2204 2066 2252 terris
2091 2205 2222 2253 dietis
2246 2207 2404 2255 abbati

393 2301 441 2341 et
473 2292 727 2341 conuentui
755 2292 814 2340 (16
853 2292 1011 2339 Insula
1048 2290 1294 2345 COissarum
1327 2308 1416 2356 pro
1450 2307 1526 2338 me
1555 2299 1602 2338 et
1639 2289 1892 2338 heredibus
1923 2291 2040 2339 meis
2069 2291 2405 2358 inperpetuum

397 2381 581 2446 quitum
612 2380 811 2429 clamaui
833 2379 956 2428 saluo
987 2381 1037 2427 in
1061 2379 1277 2428 omnibus
1294 2380 1404 2443 jure
1428 2377 1606 2425 domini
1630 2378 1772 2426 nostri
1797 2378 1978 2426 comitis
2004 2379 2063 2427 de
2091 2379 2375 2445 Stratheryn
2392 2408 2403 2419 ·

397 2468 740 2517 Renunciando
769 2485 956 2532 quoque
983 2484 1071 2532 pro
1098 2484 1175 2515 me
1208 2476 1255 2515 et
1285 2466 1541 2514 heredibus
1574 2465 1691 2513 meis
1722 2465 1986 2530 impetratis
2017 2476 2065 2515 et
2095 2467 2404 2533 impetrandis

395 2557 674 2605 omnimodis
699 2574 758 2605 ne
783 2556 842 2605 de
867 2565 1023 2605 cetero
1048 2556 1232 2604 eosdem
1255 2555 1473 2603 abbatem
1497 2563 1544 2602 et
1568 2563 1854 2602 conuentum
1883 2572 1970 2602 nec
1997 2555 2269 2604 successores
2301 2557 2403 2604 suos

392 2648 529 2712 super
551 2645 770 2711 predictis
794 2644 934 2693 terris
957 2644 1007 2691 in
1030 2661 1201 2709 puram
1223 2643 1419 2691 liberam
1438 2651 1484 2690 et
1503 2651 1784 2707 perpetuam
1803 2641 2085 2691 elimosinam
2105 2644 2170 2692 eis
2189 2647 2402 2696 concessis

395 2747 442 2783 et
458 2752 545 2800 per
568 2733 717 2782 multa
741 2742 954 2797 tempora
971 2733 1164 2798 pacifice
1186 2732 1383 2798 poffeffis
1407 2731 1455 2778 in
1479 2730 1580 2778 foro
1599 2730 1750 2778 laicali
1773 2731 1968 2796 fatigare
1991 2733 2257 2797 presumam
2284 2763 2293 2773 ·
2318 2735 2403 2783 Ad

394 2824 483 2872 hec
506 2822 663 2871 omnia
684 2821 993 2888 suprascripta
1024 2820 1228 2869 fideliter
1261 2822 1354 2868 sine
1390 2819 1499 2868 dolo
1534 2828 1581 2867 et
1615 2819 1781 2867 fraude
1810 2829 1857 2868 et
1880 2820 2226 2871 machinatione
2250 2823 2405 2888 aliqua

396 2930 484 2977 pro
506 2929 582 2959 me
610 2921 658 2959 et
687 2910 939 2959 heredibus
967 2909 1085 2958 meis
1114 2909 1163 2956 in
1191 2917 1478 2974 perpetuum
1510 2907 1797 2956 obseruanda
1824 2926 1910 2973 per
1939 2909 2083 2957 fidem
2113 2928 2268 2959 meam
2300 2931 2403 2961 nec·
2473 2916 2475 2919 ’

399 3018 494 3048 11611
518 2998 649 3046 tactis
672 2997 964 3046 sacrosanctis
988 3014 1075 3063 per
1097 2997 1442 3045 sacramentum
1464 3013 1624 3043 meum
1647 2995 1890 3060 corporale
1913 3014 1989 3044 me
2014 2996 2215 3062 obligaui
2244 2999 2404 3065 sponte

405 3090 647 3156 prestitum
675 3098 721 3137 et
744 3088 852 3136 dieti
876 3088 1021 3136 abbas
1046 3094 1092 3136 et
1117 3094 1376 3136 conuentus
1401 3085 1527 3134 idem
1549 3086 1764 3135 fecerunt
1792 3114 1801 3124 ·
1828 3085 2029 3135 Predicti
2052 3105 2164 3137 vero
2188 3089 2330 3138 abbas
2358 3100 2406 3139 et
