2756 3926
414 399 477 454 76
1177 391 1654 442 REGISTRUM

414 551 588 599 ibidem
625 549 734 598 Deo
768 548 1079 597 seruientibus
1107 556 1156 595 et
1183 547 1425 595 seruituris
1458 557 1638 596 terram
1672 547 1877 594 nostram
1913 547 1962 593 in
1996 547 2293 614 maddirnyn
2329 567 2420 614 que

415 649 544 687 terra
567 647 763 686 vocatur
786 636 984 684 Abthen
1008 652 1093 699 per
1114 635 1217 683 suas
1238 636 1393 683 nectas
1416 634 1585 683 diuisas
1605 651 1713 683 cum
1732 635 1948 683 omnibus
1965 635 2102 700 justis
2125 635 2422 702 pertinentijs

415 729 505 776 suis
542 727 603 775 ad
638 725 915 790 petitionem
954 723 1164 772 Gilberti
1202 724 1386 772 comitis
1424 724 1482 772 de
1520 723 1803 789 Stratheryn
1841 733 1889 772 et
1924 723 2082 772 fratris
2110 726 2213 789 ejus
2241 726 2299 779 α)
2333 753 2343 764 ·
2372 726 2421 773 in

415 815 787 879 redemptionem
802 813 956 862 anime
975 814 1127 861 nostre
1150 822 1198 861 et
1216 813 1553 861 antecessorum
1571 813 1837 861 nostrorum
1855 822 1903 861 et
1920 813 2117 877 predicti
2135 814 2317 862 comitis
2337 814 2385 864 G
2412 843 2422 853 ·

417 915 463 954 et
501 904 805 952 succefl'orum
844 915 857 942 ·'
900 903 1178 951 Tenendam
1208 903 1428 967 predictis
1469 903 1691 951 fratribus
1730 913 1778 951 et
1815 920 1980 951 eorum
2015 903 2342 952 suceefl‘oribus
2376 904 2425 951 in

414 994 612 1042 liberam
645 1001 692 1041 et
729 1001 1009 1056 perpetuam
1037 991 1333 1040 elemosinam
1371 991 1637 1040 Reddendo
1665 991 1800 1040 nobis
1827 1001 1875 1040 et
1900 992 2227 1040 successoribus
2259 993 2425 1041 nostris

417 1082 663 1130 annuatim
697 1099 838 1128 vnam
872 1097 1076 1134 marcam
1112 1080 1297 1146 argenti
1329 1080 1501 1129 scilicet
1527 1080 1772 1128 dimidiam
1795 1080 1856 1128 ad
1887 1080 2182 1130 Penticosten
2210 1092 2258 1130 et
2286 1082 2425 1129 dimi-

419 1171 545 1218 diam
582 1170 643 1217 ad
680 1169 848 1217 festum
881 1168 1022 1217 san&
1050 1169 1247 1222 COartini
1293 1197 1304 1207 ·
1342 1167 1578 1217 Volumus
1612 1169 1771 1233 itaque
1801 1178 1850 1217 et
1875 1169 2162 1233 precipimus
2195 1179 2248 1218 ut
2282 1170 2426 1234 ijdem

417 1260 586 1307 fratres
613 1258 808 1322 predicti
836 1267 884 1306 et
911 1275 1076 1306 eorum
1103 1258 1376 1306 successores
1404 1257 1659 1322 prediaam
1683 1267 1860 1306 terram
1883 1267 2076 1306 teneant
2099 1266 2149 1306 et
2172 1259 2427 1323 poflideant

419 1348 478 1395 de
502 1347 636 1395 nobis
661 1355 708 1394 et
730 1346 1063 1394 successoribus
1086 1345 1253 1394 nostris
1276 1345 1343 1393 ita
1365 1345 1510 1394 libere
1533 1355 1581 1394 ct
1605 1346 1761 1410 quiete
1785 1345 1992 1410 plenarie
2014 1356 2063 1395 et
2086 1346 2343 1396 honorifice
2367 1348 2426 1395 ab

420 1436 549 1484 omni
586 1435 826 1483 exacsstione
863 1444 911 1483 et
947 1433 1282 1482 consuetudine
1320 1445 1368 1482 et
1407 1434 1602 1482 seruicio
1638 1433 1830 1482 seculari
1867 1434 1928 1482 ad
1964 1452 2050 1483 nos
2083 1435 2426 1499 pertinentibus

420 1523 472 1570 in
493 1523 628 1571 bosco
653 1532 700 1570 et
724 1521 863 1586 plano
887 1521 937 1569 in
959 1521 1108 1585 pratis
1131 1531 1179 1569 et
1201 1521 1384 1585 pascuis
1407 1521 1457 1569 in
1480 1521 1614 1585 aquis
1637 1530 1685 1569 et
1708 1521 1986 1576 molendinis
2010 1531 2058 1570 et
2081 1522 2300 1571 omnibus
2324 1522 2426 1587 alijs

421 1611 714 1676 ayfiamentis
743 1610 805 1658 ad
827 1609 1027 1658 eandem
1051 1618 1226 1658 terram
1249 1609 1599 1673 pertinentibus
1621 1610 1736 1658 ficut
1759 1609 1914 1674 aliqua
1936 1619 2066 1658 terra
2089 1611 2138 1657 in
2161 1611 2428 1675 episcopatu

419 1701 575 1748 nostro
603 1698 795 1747 liberius
826 1697 1012 1762 plenius
1039 1706 1087 1745 et
1120 1697 1507 1746 honorificentius
1532 1707 1722 1746 tenetur
1745 1708 1793 1747 et
1817 1699 2070 1762 poffidetur
2094 1708 2141 1747 et
2163 1701 2279 1747 ficut
2303 1709 2430 1748 carta

421 1788 453 1836 J
456 1787 652 1836 ohannis
668 1786 866 1850 episcopi
883 1785 1213 1849 predecessoris
1231 1785 1373 1833 nostri
1390 1786 1585 1833 testatur
1604 1812 1616 1824 ·
1636 1785 1762 1834 salua
1775 1795 1935 1834 tamen
1952 1786 2160 1850 predffila
2173 1787 2399 1851 pencione
2420 1813 2431 1824 ·

423 1877 534 1941 Hijs
566 1875 758 1924 testibus
794 1874 1008 1923 Henrico
1042 1873 1369 1922 archidiacono
1410 1875 1564 1922 nostro
1606 1902 1617 1913 ·
1662 1874 1858 1923 Ratulfo
1889 1875 2134 1924 Bernardo
2172 1885 2218 1923 et
2250 1875 2436 1924 Thoma

421 1964 670 2029 capellanis
699 1963 864 2011 nostris
900 1990 911 2003 ·
948 1963 1196 2012 Ludouico
1221 1973 1268 2011 et
1292 1963 1323 2011 J
1326 1963 1506 2012 ohanne
1531 1963 1708 2012 clericis
1731 1964 1898 2012 nostris
1924 1991 1935 2003 ·
1972 1964 2128 2012 Bricio
2157 1964 2350 2028 persona
2373 1964 2431 2012 de

424 2051 564 2101 Orese
603 2081 612 2090 ·
650 2051 865 2099 Roberto
896 2049 1136 2114 capellano
1172 2050 1231 2098 de
1268 2050 1543 2099 Tibirmora
1579 2079 1588 2089 ·
1627 2051 1845 2100 Gilberto
1884 2050 1980 2099 filio
2018 2051 2332 2099 archidiaconi
2373 2051 2431 2099 de

427 2140 706 2205 Stratheryn
734 2168 743 2177 ·

430 2386 761 2452 Confirmacio
789 2402 983 2450 Ricardi
1006 2402 1209 2467 episcopi
1235 2402 1585 2451 Dunkeldenfis
1607 2398 1744 2467 super
1772 2402 1959 2451 ecclesia
1982 2403 2040 2452 de
2064 2402 2357 2467 COaddirnyn
2380 2413 2427 2450 et

427 2493 562 2541 Cano
586 2503 634 2541 et
660 2493 904 2541 Coneueto
929 2492 987 2540 de
1011 2491 1210 2540 Abthen
1237 2520 1247 2529 -

339 2695 401 2739 30
431 2651 693 2718 Vniuerfis
717 2668 866 2715 sancte
890 2666 1052 2720 matris
1076 2666 1260 2714 ecclesie
1283 2666 1390 2729 filijs
1419 2666 1607 2730 presens
1635 2666 1863 2730 scriptum
1893 2665 2056 2713 visuris
2085 2665 2160 2712 vel
2191 2665 2426 2714 audituris

426 2756 661 2804 Ricardus
701 2755 991 2819 permiffione
1030 2754 1192 2802 diuina
1228 2754 1579 2802 Dunkeldenfis
1615 2753 1858 2817 episcopus
1895 2763 2105 2801 eternam
2146 2753 2195 2799 in
2235 2753 2427 2802 domino

425 2844 617 2893 salutem
659 2870 670 2882 ·
718 2842 967 2891 Noueritis
1012 2859 1098 2890 nos
1138 2842 1199 2890 ad
1233 2842 1428 2906 plenum
1473 2841 1711 2904 inspexisse
1756 2842 1879 2889 bone
1924 2841 2148 2889 memorie
2195 2842 2425 2892 Johannis

425 2933 566 2998 primi
612 2931 806 2980 Ricardi
859 2930 1089 2979 ,Iohannis
1134 2930 1323 2978 secundi
1378 2930 1599 2994 Hugonis
1651 2929 1858 2978 Gilberti
1885 2988 1887 2990 Ι
1911 2938 1959 2978 et
2005 2929 2210 2979 Galfridi
2255 2933 2426 2995 prede-

426 3023 649 3071 cefforum
687 3021 952 3069 nostrorum
988 3019 1310 3083 episcoporum
1348 3018 1518 3067 scilicet
1557 3017 1967 3067 Dunkeldenfium
2004 3019 2282 3068 donationes
2313 3039 2428 3070 con-
