2756 3926
358 373 441 414 124
962 373 1220 415 CARTAE
1258 354 1731 416 RECENT‘IORES

281 586 335 626 13
359 585 694 630 lustramentum
714 585 853 629 sasine
873 599 1001 642 super
1021 585 1169 628 eadem
1189 585 1336 627 datum
1357 584 1412 629 17
1437 585 1634 627 Octobris
1656 587 1783 629 1559.

279 822 334 861 14
359 825 486 867 Carta
513 823 813 866 feudifirmaria
842 823 896 864 ab
916 821 1159 864 Alexandro
1188 820 1440 864 Atheniensi
1469 820 1784 878 archiepiscopo
1812 821 2254 878 commendatarioque
2283 835 2378 877 per—

356 910 486 959 petuo
506 901 750 944 monasterii
764 902 910 944 Insule
921 901 1150 944 Missarum
1170 901 1285 943 facta
1299 915 1396 943 cum
1411 915 1621 943 consensu
1641 899 1816 957 capituli
1833 900 2017 944 Patricio
2034 902 2233 957 Murraye
2249 915 2377 956 super

356 982 478 1024 terris
498 980 747 1037 subscriptis
767 981 846 1023 viz.
868 980 1090 1024 duodecim
1110 979 1308 1023 mercatis
1329 986 1536 1023 terrarum
1557 980 1609 1022 de
1630 980 1672 1021 Ν
1673 994 1735 1022 ew
1751 981 1857 1022 Raw
1873 980 2039 1037 antiqui
2059 987 2259 1023 extentus
2280 994 2376 1021 cum

354 1059 628 1116 pertinenciis
653 1061 893 1116 jacentibus
923 1059 967 1102 in
997 1060 1198 1117 parochia
1226 1059 1279 1102 de
1310 1059 1528 1102 Maderdie
1559 1058 1840 1116 quadraginta
1870 1059 2061 1103 solidatis
2092 1067 2299 1103 terrarum
2325 1060 2377 1101 de

356 1141 526 1198 Thorny
548 1140 640 1183 Hill
663 1140 769 1183 alias
789 1140 980 1183 Wallace
1001 1139 1103 1182 land
1133 1154 1230 1182 cum
1257 1145 1380 1196 prato
1407 1146 1452 1182 et
1477 1139 1607 1182 moris
1627 1139 1857 1182 earundem
1877 1140 2001 1182 terris
2022 1141 2075 1182 de
2096 1139 2377 1197 Wynminhill

356 1234 451 1261 cum
473 1220 666 1263 domibus
687 1227 731 1263 et
749 1220 884 1263 hortis
911 1220 1139 1262 earundem
1165 1219 1288 1262 terris
1309 1219 1361 1261 de
1382 1219 1539 1262 Warde
1560 1218 1731 1261 Todhill
1751 1225 1795 1262 et
1815 1220 1912 1276 Hay
1931 1234 2061 1275 grene
2083 1234 2179 1262 cum
2200 1219 2377 1276 singulis

354 1300 584 1342 earundem
599 1300 872 1356 pertinencijs
887 1299 1082 1342 bondatis
1100 1306 1147 1341 ut
1162 1298 1355 1355 sequitur
1370 1297 1448 1340 viz.
1466 1298 1577 1341 inter
1598 1298 1758 1355 sylvam
1773 1305 1964 1341 vocatam
1979 1299 2276 1342 Inchecheviot
2296 1300 2379 1342 and

353 1379 408 1421 lie
440 1379 529 1435 peit
553 1379 643 1435 gait
670 1380 854 1436 passand
880 1379 946 1421 fra
968 1393 1020 1435 ye
1047 1384 1151 1421 west
1176 1378 1291 1420 nuke
1313 1377 1361 1419 of
1382 1392 1434 1434 ye
1455 1377 1627 1419 Todhill
1648 1384 1692 1420 to
1712 1392 1764 1435 ye
1785 1378 1886 1433 lang
1909 1379 2032 1421 medo
2054 1393 2107 1421 ex
2128 1379 2378 1422 occidentali

353 1459 530 1501 viridem
559 1459 730 1501 hortum
757 1458 988 1513 vulgariter
1016 1472 1069 1515 ye
1104 1471 1234 1513 grene
1266 1456 1381 1499 zaird
1407 1456 1653 1499 ammirlane
1684 1456 1800 1499 zaird
1829 1464 1873 1500 et
1902 1457 1958 1499 lie
1990 1458 2140 1513 prioris
2171 1458 2292 1500 medo
2323 1473 2376 1500 ex

355 1537 551 1580 orientali
577 1544 622 1580 et
645 1537 702 1580 lie
730 1552 823 1594 pow
850 1552 904 1580 ex
930 1536 1090 1579 boreali
1110 1543 1155 1578 et
1173 1535 1229 1578 lie
1250 1535 1346 1578 well
1371 1536 1480 1579 croft
1503 1542 1547 1578 et
1567 1550 1744 1579 accorne
1764 1537 1883 1578 fauld
1910 1551 1965 1579 ex
1985 1538 2162 1579 australi
2182 1539 2377 1594 partibus

354 1631 437 1658 vna
456 1631 552 1659 cum
574 1623 695 1672 prato
715 1616 842 1672 vulgo
862 1622 1011 1659 vocato
1032 1614 1183 1672 prioris
1203 1615 1326 1657 medo
1348 1629 1398 1657 ac
1418 1615 1546 1658 etiam
1561 1615 1742 1658 diuersis
1762 1616 1957 1658 domibus
1978 1623 2022 1659 et
2041 1616 2095 1659 lie
2111 1618 2193 1672 ged
2215 1618 2377 1660 stankis

353 1703 398 1739 et
419 1697 545 1739 etiam
567 1696 623 1739 lie
644 1697 799 1739 breade
815 1697 944 1753 jnche
960 1697 1130 1752 jacente
1151 1710 1205 1737 ex
1226 1703 1346 1751 parte
1367 1694 1528 1737 boreali
1548 1695 1664 1752 sylve
1684 1695 1737 1737 de
1758 1695 1979 1738 Incheviot
1993 1711 2076 1738 vna
2092 1711 2188 1739 cum
2205 1705 2378 1753 pastura

353 1776 596 1819 animalium
622 1776 665 1818 in
689 1775 745 1819 lie
769 1776 937 1818 duobus
958 1781 1061 1817 west
1083 1775 1233 1817 mossis
1253 1774 1495 1830 jacentibus
1518 1788 1572 1816 ex
1597 1773 1775 1816 australi
1799 1782 1844 1816 et
1867 1775 2027 1817 boreali
2047 1775 2240 1832 partibus
2267 1777 2378 1819 dicte

354 1856 469 1912 sylve
500 1856 552 1898 de
583 1855 882 1898 Inchecheviot
916 1870 999 1897 vna
1029 1869 1125 1896 cum
1161 1853 1383 1910 privilegio
1418 1853 1608 1896 lucrandi
1648 1859 1692 1895 et
1731 1853 1919 1896 fodiendi
1964 1854 2197 1897 octodecim
2243 1855 2379 1898 dietas

354 1942 548 1993 petarum
578 1935 656 1977 viz,
693 1936 892 1978 auchtene
921 1936 1007 1990 day
1037 1935 1188 1976 workis
1209 1935 1336 1989 peitis
1365 1933 1409 1974 in
1445 1932 1568 1975 dietis
1603 1933 1814 1975 marresiis
1850 1934 2106 1991 easdemque
2141 1935 2380 1978 abducendi

355 2024 544 2072 tempore
572 2015 696 2058 solito
717 2013 949 2056 Reddendo
981 2046 989 2055 .
1032 2044 1042 2054 .
1083 2043 1093 2054 .
1117 2013 1231 2054 Data
1257 2013 1336 2054 sub
1365 2011 1576 2054 communi
1604 2011 1742 2068 sigillo
1763 2013 1877 2068 apud
1904 2014 2204 2056 monasterium
2235 2014 2380 2056 Insule

355 2096 582 2138 Missarum
602 2094 710 2136 A.D.
734 2094 788 2136 15
812 2094 835 2117 ²*
858 2092 881 2114 ³*
903 2099 947 2134 et
967 2091 1208 2147 subscripta

587 2249 830 2293 Alexander
851 2249 1244 2292 Commendatarius
1573 2250 1757 2293 Thomas
1781 2252 2009 2305 Gardener,
2031 2254 2145 2309 prior

586 2329 828 2372 Alexander
847 2330 1022 2385 Murray
1574 2331 1788 2373 Robertus
1811 2332 1894 2374 Car

587 2409 827 2453 Willelmus
846 2408 1004 2450 Melros
1573 2409 1781 2465 Georgius
1803 2411 1940 2467 Spens

1578 2488 1746 2531 Pawlus
1769 2490 2039 2547 Cwnygham.

282 2735 334 2775 15
359 2730 592 2786 Discharge
617 2728 752 2771 under
783 2727 855 2770 the
888 2741 1082 2770 common
1107 2725 1201 2769 seill
1224 2727 1280 2783 by
1302 2726 1373 2769 the
1405 2727 1719 2769 commendator
1743 2727 1827 2769 and
1856 2735 2038 2771 convent
2068 2729 2117 2770 of
2141 2729 2378 2786 Inchaffray

358 2810 402 2851 in
421 2810 571 2852 favour
591 2808 640 2850 of
654 2806 828 2850 Patrick
848 2807 1022 2863 Murray
1044 2805 1329 2848 chamberlain
1350 2805 1399 2847 of
1413 2806 1485 2848 the
1507 2805 1597 2848 said
1617 2806 1754 2863 abbay
1770 2806 1835 2848 for
1855 2806 1920 2849 his
1942 2806 2257 2851 intromissioun
2278 2810 2379 2851 with

358 2890 430 2931 the
451 2887 591 2931 fruitis
610 2886 742 2930 rentis
762 2885 938 2943 proffitis
957 2885 1146 2928 dewities
1167 2884 1346 2940 jowellis
1372 2885 1455 2927 and
1475 2885 1596 2928 vther
1615 2884 1755 2940 graith
1781 2893 2017 2943 pertenyng
2041 2888 2207 2931 thairto.
2271 2890 2378 2932 Sub-

360 2968 504 3011 scrivit
523 2974 568 3010 at
589 3001 598 3010 .
621 2998 632 3008 .
654 2998 664 3009 .
687 2998 696 3008 .
719 2998 729 3008 .
754 2999 762 3008 .
785 2966 892 3008 A.D.
918 2967 971 3007 15
994 2970 1017 2992 '¹‘
1039 2970 1062 2992 *

2674 2814 2683 2823 o

2740 3189 2756 3231 ⁴³1·-
2742 3175 2748 3184 “
2746 3152 2752 3168 w<
2742 3133 2750 3147 '⁸
2740 3082 2756 3127 ''7’st
2740 2898 2756 3073 ‘'adfirmans-¹:³4²·
2744 2812 2756 2894 κυῶ»-
2751 2798 2756 2804 .
2749 2788 2752 2792 -
2748 2769 2750 2771 -
2748 2718 2751 2725 -
