2756 3926
1047 375 1151 423 DE
1192 375 1726 426 INCHAFFERY.
2330 384 2392 437 73

382 600 550 684 Quita
574 616 795 666 clamatio
819 618 925 666 cani
950 627 997 666 et
1021 619 1211 666 conueti
1235 619 1293 667 de
1318 619 1612 685 COaddirnyn
1641 647 1651 658 ·

290 795 351 846 75
379 775 546 859 Hugo
571 794 647 842 dei
678 794 830 859 gratia
857 792 1211 842 Dunkeldenfis
1243 794 1485 860 episcopus
1509 794 1728 843 omnibus
1759 796 1945 861 presens
1976 796 2195 862 scriptum
2220 798 2383 846 visuris

376 883 448 933 vel
466 884 696 932 audituris
712 893 923 932 eternam
944 882 993 930 in
1010 882 1201 931 domino
1219 882 1410 931 salutem
1431 909 1443 921 ·
1468 883 1522 931 N
1523 884 1675 932 ouerit
1692 884 1963 933 vniuerfitas
1981 887 2129 934 vestra
2153 903 2238 934 nos
2262 887 2382 935 cari-

377 973 485 1022 tatis
521 982 568 1021 et
603 972 766 1021 diuine
800 971 991 1036 pietatis
1021 971 1199 1020 intuitu
1229 971 1442 1021 remififl‘e
1472 981 1520 1021 et
1554 972 1603 1019 in
1637 982 1920 1039 perpetuum
1951 974 2137 1038 quitum
2167 974 2379 1024 clamasse

374 1061 534 1110 abbati
568 1071 616 1110 et
651 1060 887 1110 canonicis
923 1060 983 1108 de
1019 1059 1176 1108 Insula
1204 1060 1449 1114 missarum
1483 1077 1657 1109 canum
1691 1069 1739 1110 et
1773 1071 2028 1110 conuetum
2065 1063 2193 1127 quod
2224 1063 2379 1113 clerici

376 1150 560 1200 ecclesie
585 1149 937 1199 Dunkeldenfis
960 1149 1202 1215 percipere
1226 1149 1569 1198 consueuerunt
1603 1135 1732 1215 apud
1755 1150 2050 1217 maddirdyn
2086 1152 2167 1216 qui
2194 1152 2379 1201 Scotice

376 1239 548 1289 dicitur
579 1239 775 1287 Abthan
811 1267 822 1277 ·
858 1238 941 1286 Ad
968 1237 1112 1304 hujus
1146 1247 1304 1286 autem
1330 1238 1459 1302 quite
1483 1237 1771 1286 clamationis
1794 1239 1934 1288 robor
1963 1250 2246 1306 perpetuum
2269 1241 2379 1291 huic

375 1328 543 1394 scripto
565 1327 764 1394 sigillum
788 1328 995 1376 nostrum
1020 1325 1320 1391 apposuimus
1346 1354 1358 1365 ·
1382 1326 1520 1374 Teste
1543 1325 1751 1390 capitulo
1775 1326 2101 1377 Dunkeldenfi
2128 1356 2139 1367 ·

382 1575 542 1642 Carta
565 1591 799 1640 ,Iohannis
823 1591 1023 1657 episcopi
1045 1591 1183 1656 primi
1208 1591 1267 1639 de
1291 1590 1488 1639 Abthan
1514 1618 1524 1630 .

290 1770 353 1822 76
380 1751 427 1818 J
431 1768 640 1817 ohannes
664 1767 739 1816 dei
763 1767 914 1833 gratia
937 1767 1178 1832 episcopus
1200 1766 1554 1815 Dunkeldenfis
1576 1767 1800 1817 vniuerfis
1823 1769 1974 1817 sancte
2004 1770 2167 1823 matris
2197 1771 2382 1821 ecclesie

376 1857 483 1922 filijs
508 1857 568 1905 ad
586 1875 703 1922 quos
720 1856 853 1905 litere
871 1857 952 1904 iste
967 1856 1272 1921 peruenerint
1295 1855 1491 1904 salutem
1512 1884 1523 1894 ·
1551 1855 1716 1905 Sciant
1734 1873 1898 1905 omnes
1916 1858 2151 1922 presentes
2168 1868 2217 1908 et
2234 1860 2381 1909 futuri

378 1964 463 1995 nos
486 1946 658 1994 dediffe
683 1946 937 1994 conceffiffe
969 1954 1016 1994 et
1043 1945 1132 1993 hac
1156 1954 1285 1993 carta
1317 1945 1470 1993 nostra
1500 1945 1787 1995 confirmaffe
1819 1945 1928 1995 Deo
1951 1955 1999 1995 et
2030 1947 2214 1997 ecclefie
2242 1949 2380 1998 saneti

378 2034 610 2084 Johannis
642 2035 701 2083 de
734 2033 1007 2099 Inchaffryn
1042 2042 1089 2081 et
1122 2032 1343 2081 fratribus
1377 2032 1554 2082 ibidem
1587 2033 1696 2082 Deo
1719 2033 2028 2084 seruientibus
2062 2045 2110 2085 et
2143 2037 2380 2086 seruituris

378 2134 549 2173 terram
586 2124 788 2172 nostram
822 2122 871 2170 in
900 2122 1211 2187 maddyrny’tn
1240 2139 1331 2186 que
1354 2130 1479 2170 terra
1506 2131 1700 2171 vocatur
1722 2122 1951 2172 Abthane
1978 2141 2064 2188 per
2097 2126 2200 2174 suas
2234 2128 2380 2176 mestas

378 2210 548 2259 diuisas
579 2228 686 2258 cum
711 2209 931 2258 omnibus
948 2209 1085 2274 justis
1115 2208 1412 2275 pertinentijs
1439 2209 1531 2257 suis
1554 2209 1616 2257 ad
1638 2210 1914 2275 petitionem
1940 2212 2124 2260 comitis
2150 2240 2160 2250 ·
2187 2212 2236 2262 G
2274 2242 2284 2252 ·
2321 2214 2379 2262 de

380 2299 663 2365 Stratheryn
692 2307 740 2347 et
762 2298 918 2346 fratris
945 2299 1047 2363 ejus
1071 2298 1129 2351 α)
1157 2325 1170 2337 ·
1202 2297 1251 2345 in
1274 2297 1598 2362 redemptione
1621 2298 1776 2347 anime
1799 2300 1951 2348 nostre
1974 2309 2022 2348 et
2044 2302 2379 2351 antecefl’orum

378 2388 638 2436 nostrorum
661 2395 709 2435 et
731 2385 928 2452 predi&
951 2385 1135 2434 comitis
1160 2412 1172 2425 ·
1199 2384 1248 2434 G
1274 2411 1286 2424 ·
1311 2394 1359 2434 et
1375 2385 1559 2434 suorum
1585 2412 1597 2425 ·
1624 2385 1900 2436 Tenendam
1925 2388 2141 2452 predictis
2157 2389 2380 2438 fiatribus

378 2485 425 2525 et
449 2493 610 2525 eorum
635 2474 962 2524 successoribus
985 2474 1034 2522 in
1048 2473 1243 2524 liberam
1267 2484 1314 2523 et
1336 2484 1614 2539 perpetuam
1637 2475 1932 2525 elemosinam
1956 2477 2221 2527 Reddendo
2243 2480 2379 2528 nobis

379 2574 427 2614 et
460 2565 786 2614 successoribus
821 2564 986 2612 nostris
1019 2563 1265 2612 annuatim
1299 2579 1441 2612 vnam
1475 2580 1681 2612 marcam
1714 2565 1897 2630 argenti
1927 2566 2099 2615 scilicet
2129 2567 2377 2617 dimidium

379 2653 440 2702 ad
474 2653 764 2720 penticosten
797 2662 846 2702 et
873 2652 1119 2701 dimidium
1154 2652 1215 2700 ad
1244 2651 1412 2701 festum
1445 2652 1585 2701 san&
1616 2653 1816 2707 COartini
1850 2680 1862 2694 ·
1893 2654 2126 2704 Volumus
2148 2656 2306 2722 itaque
2331 2668 2377 2706 et

378 2741 663 2808 precipimus
694 2750 745 2790 vt
775 2741 922 2806 ijdem
954 2741 1120 2790 fratres
1143 2740 1339 2807 predicti
1362 2750 1410 2790 et
1433 2758 1599 2790 eorum
1620 2742 1892 2793 succefl'ores
1924 2744 2179 2810 predictam
2206 2755 2375 2794 terram

379 2840 572 2879 teneant
608 2838 657 2879 et
694 2830 952 2896 poffideant
992 2830 1051 2879 de
1086 2829 1220 2878 nobis
1255 2838 1303 2878 et
1341 2830 1667 2879 successoribus
1712 2831 1878 2880 nostris
1922 2832 1988 2882 ita
2031 2831 2175 2882 libere
2220 2834 2376 2898 quiete

379 2916 587 2983 plenarie
610 2926 658 2966 et
678 2917 936 2967 honorifice
959 2917 1018 2965 ab
1041 2917 1171 2966 omni
1195 2915 1436 2966 exafflone
1459 2926 1506 2966 et
1537 2917 1873 2968 consuetudine
1900 2928 1949 2968 et
1970 2919 2162 2968 seruicio
2185 2920 2374 2969 seculari

379 3005 441 3054 ad
463 3022 549 3055 nos
572 3006 839 3072 pertinente
862 3006 912 3054 in
934 3006 1069 3055 bosco
1094 3014 1141 3055 et
1176 3004 1318 3071 plano
1349 3005 1398 3053 in
1425 3005 1572 3069 pratis
1605 3015 1653 3055 et
1680 3007 1860 3072 pascuis
1891 3007 1939 3055 in
1970 3008 2102 3072 aquis
2125 3019 2173 3057 et
2199 3008 2373 3058 molen-

2014 3112 2047 3143 K
