<?xml version="1.0" encoding="UTF-8"?>
<!DOCTYPE html PUBLIC "-//W3C//DTD XHTML 1.0 Transitional//EN"
    "http://www.w3.org/TR/xhtml1/DTD/xhtml1-transitional.dtd">
<html xmlns="http://www.w3.org/1999/xhtml" xml:lang="en" lang="en">
 <head>
  <title>
</title>
<meta http-equiv="Content-Type" content="text/html;charset=utf-8" />
  <meta name='ocr-system' content='tesseract 3.04.00' />
  <meta name='ocr-capabilities' content='ocr_page ocr_carea ocr_par ocr_line ocrx_word'/>
</head>
<body>
  <div class='ocr_page' id='page_1' title='image "./liberinsulemissa85inchuoft_0064.png"; bbox 0 0 2808 3926; ppageno 0'>
   <div class='ocr_carea' id='block_1_1' title="bbox 357 393 1538 437">
    <p class='ocr_par' dir='ltr' id='par_1_1' title="bbox 357 393 1538 437">
     <span class='ocr_line' id='line_1_1' title="bbox 357 393 1538 437; baseline 0 -1"><span class='ocrx_word' id='word_1_1' title='bbox 357 394 440 436; x_wconf 82' lang='lat' dir='ltr'><strong>xliv</strong></span> <span class='ocrx_word' id='word_1_2' title='bbox 1176 393 1538 437; x_wconf 85' lang='lat' dir='ltr'>APPENDIX.</span> 
     </span>
    </p>
   </div>
   <div class='ocr_carea' id='block_1_2' title="bbox 357 535 2367 953">
    <p class='ocr_par' dir='ltr' id='par_1_2' title="bbox 357 535 2367 953">
     <span class='ocr_line' id='line_1_2' title="bbox 358 535 2353 606; baseline 0.002 -22"><span class='ocrx_word' id='word_1_3' title='bbox 358 538 468 586; x_wconf 90' lang='lat' dir='ltr'><strong>here</strong></span> <span class='ocrx_word' id='word_1_4' title='bbox 483 537 751 603; x_wconf 87' lang='lat' dir='ltr'><strong>engrossed,</strong></span> <span class='ocrx_word' id='word_1_5' title='bbox 770 536 886 586; x_wconf 87' lang='lat' dir='ltr'><strong>Earl</strong></span> <span class='ocrx_word' id='word_1_6' title='bbox 903 537 955 585; x_wconf 90' lang='lat' dir='ltr'><strong>of</strong></span> <span class='ocrx_word' id='word_1_7' title='bbox 966 536 1047 585; x_wconf 86' lang='lat' dir='ltr'><strong>the</strong></span> <span class='ocrx_word' id='word_1_8' title='bbox 1064 535 1312 585; x_wconf 88' lang='lat' dir='ltr'><strong>Earldoms</strong></span> <span class='ocrx_word' id='word_1_9' title='bbox 1327 536 1379 585; x_wconf 87' lang='lat' dir='ltr'><strong>of</strong></span> <span class='ocrx_word' id='word_1_10' title='bbox 1399 535 1692 596; x_wconf 85' lang='lat' dir='ltr'><strong>Stratherne‚</strong></span> <span class='ocrx_word' id='word_1_11' title='bbox 1711 536 1975 599; x_wconf 87' lang='lat' dir='ltr'><strong>Caithness,</strong></span> <span class='ocrx_word' id='word_1_12' title='bbox 1991 539 2086 587; x_wconf 86' lang='lat' dir='ltr'><strong>and</strong></span> <span class='ocrx_word' id='word_1_13' title='bbox 2106 539 2353 606; x_wconf 82' lang='lat' dir='ltr'><strong>Orkney,)</strong></span> 
     </span>
     <span class='ocr_line' id='line_1_3' title="bbox 358 622 2360 693; baseline 0.001 -21"><span class='ocrx_word' id='word_1_14' title='bbox 358 626 424 690; x_wconf 91' lang='lat' dir='ltr'><strong>by</strong></span> <span class='ocrx_word' id='word_1_15' title='bbox 442 624 598 673; x_wconf 84' lang='lat' dir='ltr'><strong>which</strong></span> <span class='ocrx_word' id='word_1_16' title='bbox 618 624 679 672; x_wconf 89' lang='lat' dir='ltr'><strong>he</strong></span> <span class='ocrx_word' id='word_1_17' title='bbox 701 624 901 689; x_wconf 85' lang='lat' dir='ltr'><strong>granted</strong></span> <span class='ocrx_word' id='word_1_18' title='bbox 924 633 974 672; x_wconf 93' lang='lat' dir='ltr'><strong>to</strong></span> <span class='ocrx_word' id='word_1_19' title='bbox 992 622 1205 672; x_wconf 83' lang='lat' dir='ltr'><strong>William</strong></span> <span class='ocrx_word' id='word_1_20' title='bbox 1228 623 1340 671; x_wconf 89' lang='lat' dir='ltr'><strong>Earl</strong></span> <span class='ocrx_word' id='word_1_21' title='bbox 1365 623 1418 671; x_wconf 91' lang='lat' dir='ltr'><strong>of</strong></span> <span class='ocrx_word' id='word_1_22' title='bbox 1443 623 1582 680; x_wconf 82' lang='lat' dir='ltr'><strong>Ross,</strong></span> <span class='ocrx_word' id='word_1_23' title='bbox 1609 622 1691 672; x_wconf 86' lang='lat' dir='ltr'><strong>the</strong></span> <span class='ocrx_word' id='word_1_24' title='bbox 1713 624 1946 691; x_wconf 77' lang='lat' dir='ltr'><strong>marriage</strong></span> <span class='ocrx_word' id='word_1_25' title='bbox 1968 625 2021 674; x_wconf 90' lang='lat' dir='ltr'><strong>of</strong></span> <span class='ocrx_word' id='word_1_26' title='bbox 2032 625 2105 674; x_wconf 88' lang='lat' dir='ltr'><strong>his</strong></span> <span class='ocrx_word' id='word_1_27' title='bbox 2128 627 2360 693; x_wconf 82' lang='lat' dir='ltr'><strong>daughter</strong></span> 
     </span>
     <span class='ocr_line' id='line_1_4' title="bbox 359 709 2367 779; baseline 0 -17"><span class='ocrx_word' id='word_1_28' title='bbox 359 712 531 773; x_wconf 88' lang='lat' dir='ltr'><strong>Isabel‚</strong></span> <span class='ocrx_word' id='word_1_29' title='bbox 564 713 659 779; x_wconf 87' lang='lat' dir='ltr'><strong>(by</strong></span> <span class='ocrx_word' id='word_1_30' title='bbox 692 713 764 759; x_wconf 91' lang='lat' dir='ltr'><strong>his</strong></span> <span class='ocrx_word' id='word_1_31' title='bbox 791 711 900 760; x_wconf 83' lang='lat' dir='ltr'><strong>wife</strong></span> <span class='ocrx_word' id='word_1_32' title='bbox 930 710 1196 777; x_wconf 83' lang='lat' dir='ltr'><strong>Marjory‚)</strong></span> <span class='ocrx_word' id='word_1_33' title='bbox 1230 709 1471 776; x_wconf 87' lang='lat' dir='ltr'><strong>declaring</strong></span> <span class='ocrx_word' id='word_1_34' title='bbox 1501 709 1587 759; x_wconf 90' lang='lat' dir='ltr'><strong>her</strong></span> <span class='ocrx_word' id='word_1_35' title='bbox 1615 709 1690 758; x_wconf 90' lang='lat' dir='ltr'><strong>his</strong></span> <span class='ocrx_word' id='word_1_36' title='bbox 1721 710 1824 759; x_wconf 90' lang='lat' dir='ltr'><strong>heir</strong></span> <span class='ocrx_word' id='word_1_37' title='bbox 1855 711 1908 760; x_wconf 88' lang='lat' dir='ltr'><strong>of</strong></span> <span class='ocrx_word' id='word_1_38' title='bbox 1936 712 2017 761; x_wconf 92' lang='lat' dir='ltr'><strong>the</strong></span> <span class='ocrx_word' id='word_1_39' title='bbox 2054 712 2284 762; x_wconf 89' lang='lat' dir='ltr'><strong>Earldom</strong></span> <span class='ocrx_word' id='word_1_40' title='bbox 2315 715 2367 763; x_wconf 90' lang='lat' dir='ltr'><strong>os</strong></span> 
     </span>
     <span class='ocr_line' id='line_1_5' title="bbox 361 797 2361 864; baseline 0 -16"><span class='ocrx_word' id='word_1_41' title='bbox 361 800 626 860; x_wconf 84' lang='lat' dir='ltr'><strong>Caithness,</strong></span> <span class='ocrx_word' id='word_1_42' title='bbox 644 799 810 864; x_wconf 88' lang='lat' dir='ltr'><strong>failing</strong></span> <span class='ocrx_word' id='word_1_43' title='bbox 838 815 899 846; x_wconf 87' lang='lat' dir='ltr'><strong>an</strong></span> <span class='ocrx_word' id='word_1_44' title='bbox 930 798 1032 846; x_wconf 91' lang='lat' dir='ltr'><strong>heir</strong></span> <span class='ocrx_word' id='word_1_45' title='bbox 1057 798 1179 846; x_wconf 90' lang='lat' dir='ltr'><strong>male</strong></span> <span class='ocrx_word' id='word_1_46' title='bbox 1208 798 1262 846; x_wconf 86' lang='lat' dir='ltr'><strong>of</strong></span> <span class='ocrx_word' id='word_1_47' title='bbox 1289 797 1370 846; x_wconf 89' lang='lat' dir='ltr'><strong>the</strong></span> <span class='ocrx_word' id='word_1_48' title='bbox 1392 798 1623 864; x_wconf 82' lang='lat' dir='ltr'>marriage</span> <span class='ocrx_word' id='word_1_49' title='bbox 1647 797 1699 846; x_wconf 87' lang='lat' dir='ltr'><strong>of</strong></span> <span class='ocrx_word' id='word_1_50' title='bbox 1727 798 1808 847; x_wconf 85' lang='lat' dir='ltr'><strong>the</strong></span> <span class='ocrx_word' id='word_1_51' title='bbox 1831 799 1935 847; x_wconf 86' lang='lat' dir='ltr'><strong>said</strong></span> <span class='ocrx_word' id='word_1_52' title='bbox 1959 799 2074 848; x_wconf 88' lang='lat' dir='ltr'><strong>Earl</strong></span> <span class='ocrx_word' id='word_1_53' title='bbox 2098 799 2243 848; x_wconf 91' lang='lat' dir='ltr'><strong>Malis</strong></span> <span class='ocrx_word' id='word_1_54' title='bbox 2266 801 2361 849; x_wconf 86' lang='lat' dir='ltr'><strong>and</strong></span> 
     </span>
     <span class='ocr_line' id='line_1_6' title="bbox 357 885 1394 953; baseline -0.001 -18"><span class='ocrx_word' id='word_1_55' title='bbox 357 887 585 953; x_wconf 87' lang='lat' dir='ltr'><strong>Marjory.</strong></span> <span class='ocrx_word' id='word_1_56' title='bbox 656 887 726 934; x_wconf 94' lang='lat' dir='ltr'><strong>At</strong></span> <span class='ocrx_word' id='word_1_57' title='bbox 751 887 1019 942; x_wconf 85' lang='lat' dir='ltr'><strong>Inverness,</strong></span> <span class='ocrx_word' id='word_1_58' title='bbox 1047 890 1077 934; x_wconf 84' lang='lat'>8</span> <span class='ocrx_word' id='word_1_59' title='bbox 1104 885 1224 952; x_wconf 83' lang='lat' dir='ltr'><strong>May</strong></span> <span class='ocrx_word' id='word_1_60' title='bbox 1251 889 1394 935; x_wconf 83' lang='lat'><strong>1334.</strong></span> 
     </span>
    </p>
   </div>
   <div class='ocr_carea' id='block_1_3' title="bbox 360 1132 2361 1287">
    <p class='ocr_par' dir='ltr' id='par_1_3' title="bbox 360 1132 2361 1287">
     <span class='ocr_line' id='line_1_7' title="bbox 364 1132 2361 1217; baseline 0.001 -19"><span class='ocrx_word' id='word_1_61' title='bbox 364 1132 612 1199; x_wconf 84' lang='lat' dir='ltr'><strong>Venditio</strong></span> <span class='ocrx_word' id='word_1_62' title='bbox 646 1150 805 1198; x_wconf 80' lang='lat' dir='ltr'>warde</span> <span class='ocrx_word' id='word_1_63' title='bbox 845 1160 894 1198; x_wconf 84' lang='lat' dir='ltr'><strong>et</strong></span> <span class='ocrx_word' id='word_1_64' title='bbox 926 1149 1088 1198; x_wconf 85' lang='lat' dir='ltr'><strong>relevii</strong></span> <span class='ocrx_word' id='word_1_65' title='bbox 1124 1148 1348 1198; x_wconf 91' lang='lat' dir='ltr'><strong>Willelmi</strong></span> <span class='ocrx_word' id='word_1_66' title='bbox 1384 1149 1443 1198; x_wconf 89' lang='lat' dir='ltr'><strong>de</strong></span> <span class='ocrx_word' id='word_1_67' title='bbox 1477 1149 1693 1203; x_wconf 75' lang='lat' dir='ltr'><strong>COoravia</strong></span> <span class='ocrx_word' id='word_1_68' title='bbox 1734 1149 1794 1198; x_wconf 92' lang='lat' dir='ltr'><strong>de</strong></span> <span class='ocrx_word' id='word_1_69' title='bbox 1830 1149 2121 1217; x_wconf 88' lang='lat' dir='ltr'><strong>Tolibardyn</strong></span> <span class='ocrx_word' id='word_1_70' title='bbox 2165 1179 2175 1189; x_wconf 88' lang='lat'><strong>·</strong></span> <span class='ocrx_word' id='word_1_71' title='bbox 2228 1152 2361 1213; x_wconf 74' lang='lat' dir='ltr'><strong><em>Oriy.</em></strong></span> 
     </span>
     <span class='ocr_line' id='line_1_8' title="bbox 360 1239 1164 1287; baseline 0.001 -1"><span class='ocrx_word' id='word_1_72' title='bbox 360 1240 413 1286; x_wconf 80' lang='lat' dir='ltr'><strong>in</strong></span> <span class='ocrx_word' id='word_1_73' title='bbox 437 1239 648 1287; x_wconf 81' lang='lat' dir='ltr'><strong>archivis</strong></span> <span class='ocrx_word' id='word_1_74' title='bbox 670 1239 899 1287; x_wconf 79' lang='lat' dir='ltr'><strong>Ducatus</strong></span> <span class='ocrx_word' id='word_1_75' title='bbox 922 1239 978 1286; x_wconf 85' lang='lat' dir='ltr'><strong>de</strong></span> <span class='ocrx_word' id='word_1_76' title='bbox 1002 1239 1164 1287; x_wconf 75' lang='lat' dir='ltr'><strong>Athol.</strong></span> 
     </span>
    </p>
   </div>
   <div class='ocr_carea' id='block_1_4' title="bbox 264 1395 2371 2707">
    <p class='ocr_par' dir='ltr' id='par_1_4' title="bbox 264 1395 2371 2707">
     <span class='ocr_line' id='line_1_9' title="bbox 264 1395 2362 1479; baseline 0.002 -21"><span class='ocrx_word' id='word_1_77' title='bbox 264 1411 326 1464; x_wconf 82' lang='lat'><strong>27</strong></span> <span class='ocrx_word' id='word_1_78' title='bbox 363 1395 548 1462; x_wconf 85' lang='lat' dir='ltr'><strong>Pateat</strong></span> <span class='ocrx_word' id='word_1_79' title='bbox 578 1398 719 1462; x_wconf 59' lang='lat' dir='ltr'><strong>vnifflss</strong></span> <span class='ocrx_word' id='word_1_80' title='bbox 756 1429 789 1478; x_wconf 83' lang='lat' dir='ltr'><strong>p</strong></span> <span class='ocrx_word' id='word_1_81' title='bbox 821 1403 1006 1479; x_wconf 54' lang='lat' dir='ltr'><strong>fisentes</strong></span> <span class='ocrx_word' id='word_1_82' title='bbox 1028 1430 1115 1461; x_wconf 86' lang='lat' dir='ltr'><strong>nos</strong></span> <span class='ocrx_word' id='word_1_83' title='bbox 1136 1412 1404 1462; x_wconf 88' lang='lat' dir='ltr'><strong>Johannem</strong></span> <span class='ocrx_word' id='word_1_84' title='bbox 1434 1413 1493 1461; x_wconf 92' lang='lat' dir='ltr'><strong>de</strong></span> <span class='ocrx_word' id='word_1_85' title='bbox 1523 1413 1773 1468; x_wconf 64' lang='lat' dir='ltr'><strong>meneteth</strong></span> <span class='ocrx_word' id='word_1_86' title='bbox 1795 1413 2116 1462; x_wconf 85' lang='lat' dir='ltr'><strong>vicecomitem</strong></span> <span class='ocrx_word' id='word_1_87' title='bbox 2146 1413 2205 1462; x_wconf 91' lang='lat' dir='ltr'><strong>de</strong></span> <span class='ocrx_word' id='word_1_88' title='bbox 2238 1413 2362 1462; x_wconf 90' lang='lat' dir='ltr'><strong>clac-</strong></span> 
     </span>
     <span class='ocr_line' id='line_1_10' title="bbox 363 1500 2363 1567; baseline 0 -18"><span class='ocrx_word' id='word_1_89' title='bbox 363 1518 564 1549; x_wconf 88' lang='lat' dir='ltr'><strong>manane</strong></span> <span class='ocrx_word' id='word_1_90' title='bbox 587 1501 777 1567; x_wconf 89' lang='lat' dir='ltr'><strong>prorsus</strong></span> <span class='ocrx_word' id='word_1_91' title='bbox 800 1510 848 1550; x_wconf 86' lang='lat' dir='ltr'><strong>et</strong></span> <span class='ocrx_word' id='word_1_92' title='bbox 869 1500 1016 1550; x_wconf 89' lang='lat' dir='ltr'><strong>libere</strong></span> <span class='ocrx_word' id='word_1_93' title='bbox 1037 1501 1290 1549; x_wconf 83' lang='lat' dir='ltr'><strong>vendidifl&#39;e</strong></span> <span class='ocrx_word' id='word_1_94' title='bbox 1313 1500 1345 1549; x_wconf 88' lang='lat' dir='ltr'><strong>J</strong></span> <span class='ocrx_word' id='word_1_95' title='bbox 1347 1500 1522 1549; x_wconf 88' lang='lat' dir='ltr'><strong>ohanni</strong></span> <span class='ocrx_word' id='word_1_96' title='bbox 1538 1517 1714 1555; x_wconf 71' lang='lat' dir='ltr'><strong>mercer</strong></span> <span class='ocrx_word' id='word_1_97' title='bbox 1730 1501 1946 1566; x_wconf 76' lang='lat' dir='ltr'><strong>burgensi</strong></span> <span class='ocrx_word' id='word_1_98' title='bbox 1963 1501 2022 1549; x_wconf 90' lang='lat' dir='ltr'><strong>de</strong></span> <span class='ocrx_word' id='word_1_99' title='bbox 2039 1501 2191 1550; x_wconf 88' lang='lat' dir='ltr'><strong>Perth</strong></span> <span class='ocrx_word' id='word_1_100' title='bbox 2207 1509 2363 1550; x_wconf 91' lang='lat' dir='ltr'><strong>totum</strong></span> 
     </span>
     <span class='ocr_line' id='line_1_11' title="bbox 365 1587 2364 1654; baseline 0.001 -19"><span class='ocrx_word' id='word_1_101' title='bbox 365 1589 438 1636; x_wconf 91' lang='lat' dir='ltr'><strong>ius</strong></span> <span class='ocrx_word' id='word_1_102' title='bbox 461 1597 510 1638; x_wconf 91' lang='lat' dir='ltr'><strong>et</strong></span> <span class='ocrx_word' id='word_1_103' title='bbox 533 1588 762 1638; x_wconf 87' lang='lat' dir='ltr'><strong>clameum</strong></span> <span class='ocrx_word' id='word_1_104' title='bbox 787 1589 914 1654; x_wconf 88' lang='lat' dir='ltr'><strong>quod</strong></span> <span class='ocrx_word' id='word_1_105' title='bbox 936 1588 1188 1637; x_wconf 84' lang='lat' dir='ltr'><strong>habuimus</strong></span> <span class='ocrx_word' id='word_1_106' title='bbox 1211 1587 1285 1636; x_wconf 86' lang='lat' dir='ltr'><strong>vel</strong></span> <span class='ocrx_word' id='word_1_107' title='bbox 1305 1588 1478 1636; x_wconf 89' lang='lat' dir='ltr'><strong>habere</strong></span> <span class='ocrx_word' id='word_1_108' title='bbox 1502 1588 1763 1652; x_wconf 81' lang='lat' dir='ltr'><strong>poterimus</strong></span> <span class='ocrx_word' id='word_1_109' title='bbox 1784 1588 1835 1636; x_wconf 91' lang='lat' dir='ltr'><strong>in</strong></span> <span class='ocrx_word' id='word_1_110' title='bbox 1858 1588 2052 1637; x_wconf 87' lang='lat' dir='ltr'><strong>Wardis</strong></span> <span class='ocrx_word' id='word_1_111' title='bbox 2075 1606 2161 1638; x_wconf 83' lang='lat' dir='ltr'><strong>seu</strong></span> <span class='ocrx_word' id='word_1_112' title='bbox 2183 1588 2364 1637; x_wconf 87' lang='lat' dir='ltr'><strong>releviis</strong></span> 
     </span>
     <span class='ocr_line' id='line_1_12' title="bbox 364 1675 2364 1741; baseline 0.001 -17"><span class='ocrx_word' id='word_1_113' title='bbox 364 1685 595 1740; x_wconf 84' lang='lat' dir='ltr'><strong>terrarum</strong></span> <span class='ocrx_word' id='word_1_114' title='bbox 626 1675 808 1724; x_wconf 89' lang='lat' dir='ltr'><strong>domini</strong></span> <span class='ocrx_word' id='word_1_115' title='bbox 838 1675 1064 1724; x_wconf 91' lang='lat' dir='ltr'><strong>Willelmi</strong></span> <span class='ocrx_word' id='word_1_116' title='bbox 1095 1676 1155 1725; x_wconf 89' lang='lat' dir='ltr'><strong>de</strong></span> <span class='ocrx_word' id='word_1_117' title='bbox 1188 1676 1410 1731; x_wconf 79' lang='lat' dir='ltr'><strong>COorauia</strong></span> <span class='ocrx_word' id='word_1_118' title='bbox 1440 1675 1619 1723; x_wconf 89' lang='lat' dir='ltr'><strong>domini</strong></span> <span class='ocrx_word' id='word_1_119' title='bbox 1646 1676 1706 1724; x_wconf 90' lang='lat' dir='ltr'><strong>de</strong></span> <span class='ocrx_word' id='word_1_120' title='bbox 1739 1675 1998 1741; x_wconf 86' lang='lat' dir='ltr'><strong>Tolibardy</strong></span> <span class='ocrx_word' id='word_1_121' title='bbox 2024 1677 2148 1725; x_wconf 84' lang='lat' dir='ltr'><strong>datis</strong></span> <span class='ocrx_word' id='word_1_122' title='bbox 2178 1686 2227 1725; x_wconf 90' lang='lat' dir='ltr'><strong>et</strong></span> <span class='ocrx_word' id='word_1_123' title='bbox 2249 1694 2364 1725; x_wconf 89' lang='lat' dir='ltr'><strong>con-</strong></span> 
     </span>
     <span class='ocr_line' id='line_1_13' title="bbox 366 1762 2363 1829; baseline 0 -17"><span class='ocrx_word' id='word_1_124' title='bbox 366 1764 491 1812; x_wconf 87' lang='lat' dir='ltr'><strong>ceffis</strong></span> <span class='ocrx_word' id='word_1_125' title='bbox 514 1762 650 1812; x_wconf 88' lang='lat' dir='ltr'><strong>nobis</strong></span> <span class='ocrx_word' id='word_1_126' title='bbox 671 1779 756 1829; x_wconf 89' lang='lat' dir='ltr'><strong>per</strong></span> <span class='ocrx_word' id='word_1_127' title='bbox 781 1763 1072 1812; x_wconf 89' lang='lat' dir='ltr'><strong>Willelmum</strong></span> <span class='ocrx_word' id='word_1_128' title='bbox 1094 1764 1310 1813; x_wconf 90' lang='lat' dir='ltr'><strong>comitem</strong></span> <span class='ocrx_word' id='word_1_129' title='bbox 1336 1764 1395 1813; x_wconf 89' lang='lat' dir='ltr'><strong>de</strong></span> <span class='ocrx_word' id='word_1_130' title='bbox 1415 1762 1731 1829; x_wconf 83' lang='lat' dir='ltr'><strong>Sotheyrland</strong></span> <span class='ocrx_word' id='word_1_131' title='bbox 1750 1773 1800 1812; x_wconf 90' lang='lat' dir='ltr'><strong>et</strong></span> <span class='ocrx_word' id='word_1_132' title='bbox 1822 1763 2063 1812; x_wconf 87' lang='lat' dir='ltr'><strong>dominam</strong></span> <span class='ocrx_word' id='word_1_133' title='bbox 2091 1764 2127 1812; x_wconf 81' lang='lat' dir='ltr'>J</span> <span class='ocrx_word' id='word_1_134' title='bbox 2130 1764 2363 1813; x_wconf 89' lang='lat' dir='ltr'><strong>channam</strong></span> 
     </span>
     <span class='ocr_line' id='line_1_14' title="bbox 367 1850 2365 1918; baseline 0.002 -20"><span class='ocrx_word' id='word_1_135' title='bbox 367 1850 640 1899; x_wconf 79' lang='lat' dir='ltr'><strong>comitissam</strong></span> <span class='ocrx_word' id='word_1_136' title='bbox 662 1851 872 1915; x_wconf 84' lang='lat' dir='ltr'><strong>sponsam</strong></span> <span class='ocrx_word' id='word_1_137' title='bbox 894 1868 1029 1900; x_wconf 89' lang='lat' dir='ltr'><strong>suam</strong></span> <span class='ocrx_word' id='word_1_138' title='bbox 1053 1852 1327 1902; x_wconf 79' lang='lat' dir='ltr'><strong>comitissam</strong></span> <span class='ocrx_word' id='word_1_139' title='bbox 1351 1851 1569 1900; x_wconf 87' lang='lat' dir='ltr'><strong>videlicet</strong></span> <span class='ocrx_word' id='word_1_140' title='bbox 1596 1852 1655 1900; x_wconf 92' lang='lat' dir='ltr'><strong>de</strong></span> <span class='ocrx_word' id='word_1_141' title='bbox 1686 1851 1971 1918; x_wconf 81' lang='lat' dir='ltr'><strong>Stratheryn</strong></span> <span class='ocrx_word' id='word_1_142' title='bbox 2003 1870 2098 1901; x_wconf 85' lang='lat' dir='ltr'><strong>vna</strong></span> <span class='ocrx_word' id='word_1_143' title='bbox 2124 1870 2232 1902; x_wconf 90' lang='lat' dir='ltr'><strong>cum</strong></span> <span class='ocrx_word' id='word_1_144' title='bbox 2263 1854 2365 1901; x_wconf 91' lang='lat' dir='ltr'><strong>iure</strong></span> 
     </span>
     <span class='ocr_line' id='line_1_15' title="bbox 366 1937 2365 2006; baseline 0.003 -22"><span class='ocrx_word' id='word_1_145' title='bbox 366 1937 495 2003; x_wconf 89' lang='lat' dir='ltr'><strong>quod</strong></span> <span class='ocrx_word' id='word_1_146' title='bbox 523 1937 777 1986; x_wconf 81' lang='lat' dir='ltr'><strong>habuimus</strong></span> <span class='ocrx_word' id='word_1_147' title='bbox 807 1937 857 1985; x_wconf 90' lang='lat' dir='ltr'><strong>in</strong></span> <span class='ocrx_word' id='word_1_148' title='bbox 887 1955 1046 1987; x_wconf 89' lang='lat' dir='ltr'><strong>annuo</strong></span> <span class='ocrx_word' id='word_1_149' title='bbox 1072 1939 1263 1987; x_wconf 88' lang='lat' dir='ltr'><strong>redditu</strong></span> <span class='ocrx_word' id='word_1_150' title='bbox 1294 1939 1353 1987; x_wconf 87' lang='lat' dir='ltr'><strong>de</strong></span> <span class='ocrx_word' id='word_1_151' title='bbox 1384 1939 1560 2006; x_wconf 87' lang='lat' dir='ltr'><strong>Pytver</strong></span> <span class='ocrx_word' id='word_1_152' title='bbox 1590 1949 1638 1988; x_wconf 83' lang='lat' dir='ltr'><strong>et</strong></span> <span class='ocrx_word' id='word_1_153' title='bbox 1666 1939 1798 2005; x_wconf 83' lang='lat' dir='ltr'><strong>Aldy</strong></span> <span class='ocrx_word' id='word_1_154' title='bbox 1826 1957 1912 2005; x_wconf 90' lang='lat' dir='ltr'><strong>per</strong></span> <span class='ocrx_word' id='word_1_155' title='bbox 1942 1939 2205 1989; x_wconf 86' lang='lat' dir='ltr'><strong>cristianam</strong></span> <span class='ocrx_word' id='word_1_156' title='bbox 2238 1957 2365 1995; x_wconf 75' lang='lat' dir='ltr'><strong>(nore</strong></span> 
     </span>
     <span class='ocr_line' id='line_1_16' title="bbox 365 2025 2365 2094; baseline 0.003 -21"><span class='ocrx_word' id='word_1_157' title='bbox 365 2026 581 2091; x_wconf 83' lang='lat' dir='ltr'><strong>sponsam</strong></span> <span class='ocrx_word' id='word_1_158' title='bbox 608 2025 851 2090; x_wconf 84' lang='lat' dir='ltr'><strong>quondam</strong></span> <span class='ocrx_word' id='word_1_159' title='bbox 879 2026 1131 2092; x_wconf 90' lang='lat' dir='ltr'><strong>Reginaldi</strong></span> <span class='ocrx_word' id='word_1_160' title='bbox 1156 2043 1283 2081; x_wconf 76' lang='lat' dir='ltr'><strong>more</strong></span> <span class='ocrx_word' id='word_1_161' title='bbox 1311 2044 1397 2092; x_wconf 88' lang='lat' dir='ltr'><strong>pro</strong></span> <span class='ocrx_word' id='word_1_162' title='bbox 1422 2027 1626 2091; x_wconf 86' lang='lat' dir='ltr'><strong>quadam</strong></span> <span class='ocrx_word' id='word_1_163' title='bbox 1648 2044 1834 2089; x_wconf 82' lang='lat' dir='ltr'><strong>summa</strong></span> <span class='ocrx_word' id='word_1_164' title='bbox 1855 2028 2054 2094; x_wconf 84' lang='lat' dir='ltr'><strong>pecunie</strong></span> <span class='ocrx_word' id='word_1_165' title='bbox 2084 2029 2219 2077; x_wconf 89' lang='lat' dir='ltr'><strong>nobis</strong></span> <span class='ocrx_word' id='word_1_166' title='bbox 2247 2029 2365 2078; x_wconf 89' lang='lat' dir='ltr'><strong>inte-</strong></span> 
     </span>
     <span class='ocr_line' id='line_1_17' title="bbox 368 2112 2367 2180; baseline 0.003 -20"><span class='ocrx_word' id='word_1_167' title='bbox 368 2112 556 2178; x_wconf 88' lang='lat' dir='ltr'><strong>graliter</strong></span> <span class='ocrx_word' id='word_1_168' title='bbox 572 2113 807 2178; x_wconf 86' lang='lat' dir='ltr'><strong>persoluta</strong></span> <span class='ocrx_word' id='word_1_169' title='bbox 822 2131 908 2180; x_wconf 93' lang='lat' dir='ltr'><strong>pre</strong></span> <span class='ocrx_word' id='word_1_170' title='bbox 925 2114 1109 2179; x_wconf 76' lang='lat' dir='ltr'><strong>manib3</strong></span> <span class='ocrx_word' id='word_1_171' title='bbox 1123 2140 1136 2153; x_wconf 89' lang='lat'><strong>·</strong></span> <span class='ocrx_word' id='word_1_172' title='bbox 1152 2115 1213 2162; x_wconf 89' lang='lat' dir='ltr'><strong>In</strong></span> <span class='ocrx_word' id='word_1_173' title='bbox 1231 2114 1365 2163; x_wconf 87' lang='lat' dir='ltr'><strong>cuius</strong></span> <span class='ocrx_word' id='word_1_174' title='bbox 1381 2114 1449 2163; x_wconf 92' lang='lat' dir='ltr'><strong>rei</strong></span> <span class='ocrx_word' id='word_1_175' title='bbox 1465 2114 1708 2164; x_wconf 80' lang='lat' dir='ltr'><strong>securitate</strong></span> <span class='ocrx_word' id='word_1_176' title='bbox 1723 2114 1983 2180; x_wconf 82' lang='lat' dir='ltr'><strong>obligamus</strong></span> <span class='ocrx_word' id='word_1_177' title='bbox 2000 2133 2087 2165; x_wconf 89' lang='lat' dir='ltr'><strong>nos</strong></span> <span class='ocrx_word' id='word_1_178' title='bbox 2105 2125 2154 2166; x_wconf 87' lang='lat' dir='ltr'><strong>et</strong></span> <span class='ocrx_word' id='word_1_179' title='bbox 2169 2117 2367 2166; x_wconf 87' lang='lat' dir='ltr'><strong>heredes</strong></span> 
     </span>
     <span class='ocr_line' id='line_1_18' title="bbox 369 2201 2367 2268; baseline 0.003 -20"><span class='ocrx_word' id='word_1_180' title='bbox 369 2210 552 2250; x_wconf 88' lang='lat' dir='ltr'><strong>nostros</strong></span> <span class='ocrx_word' id='word_1_181' title='bbox 579 2201 641 2249; x_wconf 89' lang='lat' dir='ltr'><strong>ad</strong></span> <span class='ocrx_word' id='word_1_182' title='bbox 667 2202 1071 2250; x_wconf 82' lang='lat' dir='ltr'><strong>warantizandum</strong></span> <span class='ocrx_word' id='word_1_183' title='bbox 1101 2202 1309 2268; x_wconf 70' lang='lat' dir='ltr'><strong>predicto</strong></span> <span class='ocrx_word' id='word_1_184' title='bbox 1339 2202 1371 2252; x_wconf 84' lang='lat' dir='ltr'>J</span> <span class='ocrx_word' id='word_1_185' title='bbox 1375 2202 1550 2251; x_wconf 87' lang='lat' dir='ltr'><strong>ohanni</strong></span> <span class='ocrx_word' id='word_1_186' title='bbox 1580 2203 1768 2257; x_wconf 76' lang='lat' dir='ltr'><strong>COercer</strong></span> <span class='ocrx_word' id='word_1_187' title='bbox 1805 2212 1853 2251; x_wconf 88' lang='lat' dir='ltr'><strong>et</strong></span> <span class='ocrx_word' id='word_1_188' title='bbox 1887 2203 2144 2253; x_wconf 86' lang='lat' dir='ltr'><strong>heredibus</strong></span> <span class='ocrx_word' id='word_1_189' title='bbox 2178 2205 2277 2253; x_wconf 85' lang='lat' dir='ltr'><strong>suis</strong></span> <span class='ocrx_word' id='word_1_190' title='bbox 2311 2222 2367 2254; x_wconf 89' lang='lat' dir='ltr'><strong>ac</strong></span> 
     </span>
     <span class='ocr_line' id='line_1_19' title="bbox 372 2288 2370 2356; baseline 0.002 -19"><span class='ocrx_word' id='word_1_191' title='bbox 372 2288 605 2354; x_wconf 87' lang='lat' dir='ltr'><strong>affignatis</strong></span> <span class='ocrx_word' id='word_1_192' title='bbox 638 2289 897 2355; x_wconf 58' lang='lat' dir='ltr'><strong>predistam</strong></span> <span class='ocrx_word' id='word_1_193' title='bbox 930 2290 1142 2338; x_wconf 84' lang='lat' dir='ltr'><strong>wardam</strong></span> <span class='ocrx_word' id='word_1_194' title='bbox 1179 2307 1264 2338; x_wconf 90' lang='lat' dir='ltr'><strong>seu</strong></span> <span class='ocrx_word' id='word_1_195' title='bbox 1303 2289 1532 2339; x_wconf 91' lang='lat' dir='ltr'><strong>releuium</strong></span> <span class='ocrx_word' id='word_1_196' title='bbox 1572 2299 1736 2338; x_wconf 86' lang='lat' dir='ltr'><strong>contra</strong></span> <span class='ocrx_word' id='word_1_197' title='bbox 1774 2290 2011 2356; x_wconf 83' lang='lat' dir='ltr'><strong>prefatum</strong></span> <span class='ocrx_word' id='word_1_198' title='bbox 2051 2292 2271 2341; x_wconf 90' lang='lat' dir='ltr'><strong>comitem</strong></span> <span class='ocrx_word' id='word_1_199' title='bbox 2310 2293 2370 2341; x_wconf 92' lang='lat' dir='ltr'><strong>de</strong></span> 
     </span>
     <span class='ocr_line' id='line_1_20' title="bbox 376 2375 2371 2443; baseline 0.001 -18"><span class='ocrx_word' id='word_1_200' title='bbox 376 2375 693 2443; x_wconf 86' lang='lat' dir='ltr'><strong>Sotheyrland</strong></span> <span class='ocrx_word' id='word_1_201' title='bbox 715 2386 764 2427; x_wconf 92' lang='lat' dir='ltr'><strong>et</strong></span> <span class='ocrx_word' id='word_1_202' title='bbox 787 2377 1059 2427; x_wconf 86' lang='lat' dir='ltr'><strong>comitissam</strong></span> <span class='ocrx_word' id='word_1_203' title='bbox 1084 2378 1144 2426; x_wconf 88' lang='lat' dir='ltr'><strong>de</strong></span> <span class='ocrx_word' id='word_1_204' title='bbox 1170 2377 1432 2443; x_wconf 85' lang='lat' dir='ltr'><strong>Straheryn</strong></span> <span class='ocrx_word' id='word_1_205' title='bbox 1454 2378 1671 2442; x_wconf 86' lang='lat' dir='ltr'><strong>sponsam</strong></span> <span class='ocrx_word' id='word_1_206' title='bbox 1694 2377 1822 2425; x_wconf 90' lang='lat' dir='ltr'><strong>suam</strong></span> <span class='ocrx_word' id='word_1_207' title='bbox 1838 2376 2097 2443; x_wconf 82' lang='lat' dir='ltr'><strong>legitimam</strong></span> <span class='ocrx_word' id='word_1_208' title='bbox 2120 2405 2133 2418; x_wconf 91' lang='lat'><strong>·</strong></span> <span class='ocrx_word' id='word_1_209' title='bbox 2155 2379 2215 2427; x_wconf 91' lang='lat' dir='ltr'><strong>In</strong></span> <span class='ocrx_word' id='word_1_210' title='bbox 2239 2380 2371 2428; x_wconf 88' lang='lat' dir='ltr'><strong>cuius</strong></span> 
     </span>
     <span class='ocr_line' id='line_1_21' title="bbox 371 2465 2371 2532; baseline 0.001 -20"><span class='ocrx_word' id='word_1_211' title='bbox 371 2465 440 2513; x_wconf 89' lang='lat' dir='ltr'><strong>rei</strong></span> <span class='ocrx_word' id='word_1_212' title='bbox 461 2465 779 2515; x_wconf 86' lang='lat' dir='ltr'><strong>testimonium</strong></span> <span class='ocrx_word' id='word_1_213' title='bbox 801 2467 1093 2532; x_wconf 87' lang='lat' dir='ltr'><strong>presentibus</strong></span> <span class='ocrx_word' id='word_1_214' title='bbox 1117 2466 1319 2532; x_wconf 88' lang='lat' dir='ltr'><strong>sigillum</strong></span> <span class='ocrx_word' id='word_1_215' title='bbox 1343 2468 1553 2516; x_wconf 87' lang='lat' dir='ltr'><strong>nostrum</strong></span> <span class='ocrx_word' id='word_1_216' title='bbox 1576 2466 1642 2515; x_wconf 87' lang='lat' dir='ltr'><strong>est</strong></span> <span class='ocrx_word' id='word_1_217' title='bbox 1664 2466 1921 2531; x_wconf 87' lang='lat' dir='ltr'><strong>appensum</strong></span> <span class='ocrx_word' id='word_1_218' title='bbox 1947 2493 1958 2504; x_wconf 93' lang='lat'><strong>·</strong></span> <span class='ocrx_word' id='word_1_219' title='bbox 1983 2483 2079 2515; x_wconf 85' lang='lat' dir='ltr'><strong>una</strong></span> <span class='ocrx_word' id='word_1_220' title='bbox 2096 2483 2205 2515; x_wconf 92' lang='lat' dir='ltr'><strong>cum</strong></span> <span class='ocrx_word' id='word_1_221' title='bbox 2221 2465 2371 2531; x_wconf 89' lang='lat' dir='ltr'><strong>sigillo</strong></span> 
     </span>
     <span class='ocr_line' id='line_1_22' title="bbox 373 2551 2371 2618; baseline 0.001 -19"><span class='ocrx_word' id='word_1_222' title='bbox 373 2551 571 2601; x_wconf 81' lang='lat' dir='ltr'><strong>Walteri</strong></span> <span class='ocrx_word' id='word_1_223' title='bbox 602 2551 786 2601; x_wconf 85' lang='lat' dir='ltr'><strong>Olifant</strong></span> <span class='ocrx_word' id='word_1_224' title='bbox 815 2553 866 2602; x_wconf 93' lang='lat' dir='ltr'><strong>in</strong></span> <span class='ocrx_word' id='word_1_225' title='bbox 898 2553 1167 2603; x_wconf 86' lang='lat' dir='ltr'><strong>evidencius</strong></span> <span class='ocrx_word' id='word_1_226' title='bbox 1194 2554 1518 2603; x_wconf 88' lang='lat' dir='ltr'><strong>testimonium</strong></span> <span class='ocrx_word' id='word_1_227' title='bbox 1543 2579 1555 2591; x_wconf 87' lang='lat'><strong>·</strong></span> <span class='ocrx_word' id='word_1_228' title='bbox 1579 2552 1766 2602; x_wconf 87' lang='lat' dir='ltr'><strong>Datum</strong></span> <span class='ocrx_word' id='word_1_229' title='bbox 1793 2552 1924 2618; x_wconf 88' lang='lat' dir='ltr'><strong>apud</strong></span> <span class='ocrx_word' id='word_1_230' title='bbox 1953 2552 2102 2601; x_wconf 87' lang='lat' dir='ltr'><strong>Perth</strong></span> <span class='ocrx_word' id='word_1_231' title='bbox 2132 2552 2208 2601; x_wconf 91' lang='lat' dir='ltr'><strong>die</strong></span> <span class='ocrx_word' id='word_1_232' title='bbox 2239 2553 2271 2602; x_wconf 88' lang='lat' dir='ltr'><strong>J</strong></span> <span class='ocrx_word' id='word_1_233' title='bbox 2274 2554 2371 2601; x_wconf 88' lang='lat' dir='ltr'><strong>ovis</strong></span> 
     </span>
     <span class='ocr_line' id='line_1_23' title="bbox 372 2639 2334 2707; baseline 0.001 -20"><span class='ocrx_word' id='word_1_234' title='bbox 372 2639 587 2705; x_wconf 85' lang='lat' dir='ltr'><strong>proximo</strong></span> <span class='ocrx_word' id='word_1_235' title='bbox 609 2649 718 2706; x_wconf 85' lang='lat' dir='ltr'><strong>post</strong></span> <span class='ocrx_word' id='word_1_236' title='bbox 738 2639 906 2689; x_wconf 86' lang='lat' dir='ltr'><strong>festum</strong></span> <span class='ocrx_word' id='word_1_237' title='bbox 927 2640 1206 2707; x_wconf 84' lang='lat' dir='ltr'><strong>pentecostis</strong></span> <span class='ocrx_word' id='word_1_238' title='bbox 1235 2658 1360 2690; x_wconf 91' lang='lat' dir='ltr'><strong>anno</strong></span> <span class='ocrx_word' id='word_1_239' title='bbox 1390 2640 1567 2690; x_wconf 88' lang='lat' dir='ltr'><strong>domini</strong></span> <span class='ocrx_word' id='word_1_240' title='bbox 1597 2646 1695 2695; x_wconf 75' lang='lat'><strong>(0⁰⁰⁰</strong></span> <span class='ocrx_word' id='word_1_241' title='bbox 1719 2640 2100 2705; x_wconf 77' lang='lat' dir='ltr'><strong>quinquagesimo</strong></span> <span class='ocrx_word' id='word_1_242' title='bbox 2117 2640 2334 2689; x_wconf 85' lang='lat' dir='ltr'><strong>secundo.</strong></span> 
     </span>
    </p>
   </div>
  </div>
 </body>
</html>
