2756 3926
1061 382 1164 430 DE
1209 380 1745 431 INCHAFFERY.
2338 386 2401 432 65

400 605 563 672 Carta
586 624 645 673 de
669 641 761 673 vno
786 624 934 674 erofto
958 634 1006 673 et
1030 624 1148 673 tofto
1173 624 1221 671 in
1247 624 1480 690 Petlandy
1505 651 1517 663 ·

309 811 372 859 66
400 781 655 848 Omnibus
693 797 865 848 Christi
910 798 1129 848 fidelibus
1169 800 1353 864 presens
1393 799 1617 864 scriptum
1657 798 1820 847 visuris
1856 796 1931 846 vel
1971 791 2202 845 audituris
2247 793 2405 842 Lucas

394 885 516 934 filius
541 885 773 935 Teobaldi
797 887 856 935 de
880 886 1116 952 Petlandy
1134 897 1346 935 eternam
1369 886 1418 934 in
1442 886 1634 934 domino
1652 884 1847 935 salutem
1871 911 1884 924 ·
1910 883 2116 933 Nouerit
2132 882 2404 930 vniuerfitas

394 975 543 1023 vestra
565 992 641 1023 me
672 991 758 1038 pro
791 973 935 1023 salute
962 975 1119 1024 anime
1149 992 1253 1024 mee
1287 984 1335 1024 et
1362 975 1522 1041 sponse
1552 991 1657 1023 mee
1681 983 1729 1023 et
1752 974 2087 1023 antecessorum
2115 987 2329 1019 meorum
2359 980 2407 1017 et

394 1063 697 1112 successorum
736 1062 909 1111 dediffe
940 1063 1196 1112 coneeffifl'e
1225 1073 1273 1112 et
1308 1062 1511 1129 presenti
1547 1072 1676 1111 carta
1712 1062 2001 1111 confirmaffe
2039 1060 2149 1108 Deo
2185 1069 2233 1108 et
2267 1058 2405 1107 beate

396 1150 551 1205 marie
582 1160 629 1200 et
664 1150 816 1199 saneto
848 1150 1056 1200 Johanni
1084 1150 1292 1216 apostolo
1316 1161 1364 1200 et
1386 1149 1669 1216 euangeliste
1693 1150 1752 1199 de
1777 1148 1934 1198 Insula
1950 1147 2196 1202 miffarum
2219 1163 2403 1195 necnon

394 1239 555 1289 abbati
593 1249 641 1289 et
681 1239 939 1288 conuentui
978 1239 1185 1305 ejusdem
1225 1239 1316 1288 loci
1354 1257 1503 1287 vnum
1542 1239 1745 1288 eroftum
1785 1248 1834 1287 et
1868 1237 2042 1287 toftum
2077 1253 2169 1301 que
2207 1234 2314 1283 sunt
2354 1234 2402 1281 in

394 1336 665 1377 tenemento
679 1345 786 1376 meo
809 1320 869 1376 de
894 1326 1130 1393 Petlandy
1146 1327 1483 1394 propinquiora
1498 1327 1707 1392 jacentia
1728 1336 1838 1375 ante
1856 1326 2023 1398 ostium
2037 1324 2205 1372 domus
2221 1340 2327 1371 mee
2345 1339 2403 1370 ex

392 1427 526 1483 parte
549 1416 811 1482 aquilonari
837 1434 1010 1482 magne
1032 1416 1106 1465 vie
1133 1433 1225 1481 que
1254 1417 1384 1465 venit
1405 1416 1467 1464 ad
1489 1415 1730 1465 ecclesiam
1753 1415 1813 1464 de
1836 1414 2010 1463 Fowlis
2036 1430 2122 1479 per
2144 1429 2286 1478 quam
2309 1411 2404 1459 itur

392 1504 546 1553 versus
587 1502 786 1570 Buthny
825 1503 1044 1552 videlieet
1078 1521 1107 1552 a
1139 1503 1260 1552 vado
1306 1521 1366 1552 ex
1411 1513 1545 1570 parte
1591 1502 1850 1569 aquilonari
1894 1502 2065 1551 domus
2108 1516 2213 1548 mee
2258 1510 2305 1548 et
2345 1500 2404 1546 fic

394 1591 685 1641 ascendendo
719 1608 806 1657 per
836 1591 1014 1641 di&um
1044 1591 1253 1639 riuulum
1286 1592 1427 1655 vsque
1460 1592 1523 1639 ad
1554 1609 1780 1657 magnum
1811 1590 2017 1657 lapidem
2050 1591 2192 1657 juxta
2225 1591 2401 1640 dietum

393 1678 602 1728 riuulum
640 1689 688 1728 et
724 1680 785 1727 fio
820 1679 975 1728 versus
1010 1679 1286 1728 orientalem
1322 1689 1505 1745 partem
1546 1680 1685 1745 vsque
1720 1679 1783 1728 ad
1817 1691 1989 1728 terram
2013 1679 2215 1733 martini
2241 1679 2404 1746 generi

394 1767 489 1816 mei
534 1776 581 1816 et
626 1767 686 1815 fie
730 1767 1056 1816 descendendo
1101 1768 1254 1816 versus
1310 1766 1666 1816 meridionalem
1711 1777 1896 1833 partem
1941 1767 2080 1832 vsque
2125 1768 2186 1816 ad
2230 1768 2403 1817 dietam

396 1873 617 1922 magnam
653 1855 776 1903 viam
818 1865 866 1904 et
896 1857 956 1904 fic
992 1873 1079 1922 per
1118 1856 1318 1905 eandem
1353 1856 1477 1903 viam
1514 1855 1659 1921 vsque
1696 1855 1758 1903 ad
1794 1855 2058 1921 predioffim
2096 1856 2271 1924 vadum
2311 1874 2403 1922 que

396 1944 588 2010 quidem
620 1942 851 2009 perticula
882 1954 1005 1993 terre
1029 1944 1241 1993 eontinet
1274 1945 1324 1992 in
1347 1944 1391 1993 se
1419 1954 1637 2009 quartam
1660 1954 1843 2009 partem
1872 1944 2009 1991 vnius
2032 1961 2139 1993 acre
2162 1944 2210 1992 in
2237 1962 2402 2010 puram

396 2042 444 2081 et
477 2042 755 2098 perpetuam
783 2031 1078 2081 elemosinam
1104 2050 1198 2081 vna
1225 2051 1334 2082 cum
1366 2033 1546 2081 brafina
1573 2033 1719 2081 totius
1747 2032 1965 2098 territorij
2000 2033 2059 2082 de
2091 2032 2326 2098 Petlandy
2358 2045 2406 2082 et

396 2120 526 2169 omni
564 2122 674 2186 jure
722 2121 902 2170 brafine
942 2130 988 2170 et
1024 2139 1133 2170 cum
1167 2121 1386 2170 omnibus
1422 2121 1526 2187 alijs
1555 2121 1743 2186 juribus
1777 2121 2072 2187 ayfiamentis
2105 2121 2225 2170 infra
2247 2121 2404 2171 villam

398 2219 445 2259 et
468 2219 602 2259 extra
623 2210 686 2258 ad
708 2209 879 2258 difflzam
902 2218 1076 2259 terram
1109 2210 1169 2259 de
1202 2209 1437 2275 Petlandy
1461 2210 1775 2275 spetstantibus
1805 2209 1881 2259 vel
1909 2210 2111 2276 spe&are
2141 2209 2404 2259 valentibus

398 2299 490 2346 fine
528 2297 686 2363 aliquo
724 2307 1049 2347 retenemento
1089 2299 1138 2346 in
1171 2299 1306 2348 bosco
1346 2308 1394 2347 et
1432 2297 1574 2363 plano
1595 2298 1658 2345 in
1697 2298 1841 2347 moris
1876 2307 1924 2347 et
1957 2299 2183 2363 ‹narrefijs
2206 2299 2403 2365 petarijs

398 2396 446 2434 et
485 2386 687 2452 bruarijs
724 2412 736 2425 ·
784 2386 1017 2436 Tenenda
1055 2395 1103 2436 et
1138 2386 1360 2436 habenda
1394 2387 1478 2435 fibi
1512 2395 1559 2436 et
1595 2386 1924 2436 suecessoribus
1959 2387 2052 2435 suis
2089 2396 2137 2436 et
2171 2388 2405 2453 affignatis

397 2486 445 2523 et
472 2491 635 2523 eorum
670 2474 920 2523 heredibus
951 2475 1011 2524 de
1044 2492 1120 2523 me
1149 2485 1197 2524 et
1231 2474 1483 2524 heredibus
1512 2475 1630 2524 meis
1653 2493 1745 2523 vna
1767 2492 1877 2524 cum
1900 2475 2024 2524 dieta
2044 2476 2237 2525 braeina
2259 2476 2404 2525 totius

397 2572 518 2612 terre
550 2563 610 2611 de
642 2562 862 2612 Petlandi
889 2573 937 2612 et
964 2563 1094 2612 omni
1116 2565 1226 2629 jure
1256 2564 1436 2612 brafine
1463 2563 1513 2612 in
1535 2581 1705 2630 puram
1729 2574 1776 2613 et
1806 2573 2083 2629 perpetuam
2107 2563 2403 2613 elemosinam

396 2650 540 2700 libere
568 2661 616 2699 et
647 2651 805 2716 quiete
840 2653 901 2700 ab
936 2652 1066 2700 omni
1100 2651 1292 2701 seculari
1327 2651 1521 2701 seruicio
1561 2652 1895 2718 inperpetuum
1936 2678 1949 2691 ·
1981 2670 2069 2718 ego
2102 2670 2212 2702 vero
2246 2653 2403 2702 Lucas

396 2749 444 2787 et
478 2738 673 2788 heredes
695 2739 788 2787 mei
811 2739 933 2788 ditPta
953 2739 1125 2788 toftum
1149 2751 1198 2789 et
1220 2740 1422 2788 eroftum
1445 2757 1539 2789 vna
1561 2757 1671 2789 cum
1700 2740 1822 2789 dieta
1848 2740 2039 2789 braeina
2066 2750 2114 2789 et
2138 2742 2266 2790 omni
2292 2743 2402 2807 jure

396 2828 575 2876 brafine
598 2837 646 2876 et
668 2828 885 2876 omnibus
907 2827 1008 2894 alijs
1032 2828 1333 2895 pertinentiJs
1354 2830 1470 2877 ficut
1492 2829 1756 2895 predi&um
1779 2830 1845 2878 est
1877 2829 2010 2878 diffie
2042 2829 2152 2877 viris
2182 2828 2400 2895 religiosis

399 2924 447 2963 et
469 2931 632 2963 eorum
666 2915 994 2964 suceefl'oribus
1026 2926 1193 2965 contra
1226 2933 1392 2965 omnes
1424 2915 1639 2965 homines
1669 2915 2082 2965 warantizabimus
2110 2917 2403 2982 protigemus

398 3010 446 3048 et
479 2999 786 3049 defendemus
809 3000 859 3049 in
894 3012 1179 3067 perpetuum
1214 3012 1263 3051 et
1289 3011 1345 3051 ut
1374 3002 1463 3052 heo
1493 3020 1600 3052 mea
1625 3003 1818 3052 donatio
1850 3014 1898 3052 et
1928 3014 2056 3053 carte
2089 3021 2194 3052 mee
2228 3006 2395 3052 confir-

398 3085 543 3135 matio
581 3088 726 3136 robur
764 3088 999 3138 firmitatis
1038 3101 1086 3138 et
1121 3088 1384 3139 stabilitatis
1423 3090 1475 3137 in
1513 3090 1644 3139 omni
1677 3089 1890 3155 optineat
1923 3090 2186 3155 presentem
2221 3100 2396 3139 cartam

2101 3195 2120 3225 1
