2756 3926
378 369 461 410 122
980 368 1241 412 CARTAE
1276 366 1750 410 RECENTIORES

375 503 619 547 inductione
645 504 900 547 decimarum
927 502 1015 545 feni
1041 508 1085 545 et
1115 501 1244 544 brasii
1270 533 1281 542 .
1315 501 1514 545 solvendo
1539 501 1666 544 etiam
1693 501 1960 544 herezeldam
1986 489 2087 544 ‘cum
2113 516 2190 558 per
2213 509 2390 545 mortem

376 582 598 639 contigerit
617 597 694 626 seu
712 596 790 639 pro
809 581 958 625 eadem
978 586 1159 638 quatuor
1178 579 1306 622 libras
1325 586 1506 622 monete.
1549 581 1681 622 *Data
1695 580 1810 636 apud
1830 579 2064 637 Incheffiay
2078 582 2133 623 10
2155 582 2256 624 Feb.
2278 584 2390 625 1558

376 664 455 705 sub
475 662 688 705 communi
708 660 847 717 sigillo
867 659 1040 716 capituli
1062 665 1108 702 et
1127 658 1506 715 subscriptionibus
1525 657 1792 701 manualibus
1813 673 1896 716 que
1917 667 2164 715 sequuntur.

431 819 672 862 Alexander
693 817 1083 861 Commendatarius
1201 818 1230 860 J
1233 817 1420 859 ohannes
1441 816 1576 859 Rauff
1801 815 2044 859 Alexander
2063 817 2238 873 Murray

430 900 612 942 Thomas
634 898 851 942 Gardener
865 896 987 940 Prior
1194 896 1363 939 Pawlus
1385 897 1646 953 Cwnygham
1797 895 1991 939 Andreas
2012 880 2215 938 Farnour.

428 980 457 1022 J
459 979 616 1022 acobus
636 977 910 1020 Raunaldson
1189 975 1429 1019 Willelmus
1450 975 1635 1018 Melrose

428 1059 457 1100 J
459 1058 646 1100 ohannes
668 1057 751 1100 Car
1185 1054 1424 1098 Willelmus
1439 1054 1655 1097 Ruthwen

319 1297 345 1337 8
370 1295 497 1337 Carta
536 1295 590 1337 ab
629 1293 779 1336 eodem
817 1294 931 1336 facta
970 1291 1156 1334 Patricio
1194 1292 1368 1347 Murray
1408 1305 1535 1347 super
1574 1292 1797 1335 duodecim
1846 1293 2044 1336 mercatis
2085 1300 2293 1336 terrarum
2336 1295 2388 1336 de

367 1376 557 1418 Newraw
598 1373 764 1431 antiqui
804 1378 1004 1416 extentus
1044 1386 1142 1414 cum
1181 1370 1455 1427 pertinenciis
1490 1371 1733 1427 jacentibus
1772 1372 1818 1413 in
1862 1372 2062 1428 parochia
2101 1373 2154 1414 de
2198 1372 2392 1428 Maderty

368 1453 648 1510 quadraginta
662 1451 852 1496 solidatis
867 1457 1074 1494 terrarum
1090 1450 1142 1492 de
1162 1448 1412 1506 Thornyhill
1431 1449 1537 1492 alias
1551 1450 1741 1493 Wallace
1761 1451 1862 1493 land
1879 1465 1976 1493 cum
1996 1457 2119 1508 prato
2139 1458 2184 1493 et
2198 1451 2392 1493 domibus

366 1541 411 1577 et
444 1533 578 1576 hortis
610 1532 840 1589 earundem
875 1530 998 1573 terris
1033 1530 1085 1571 de
1121 1527 1410 1585 Wynmynhill
1445 1528 1569 1571 terris
1604 1529 1656 1571 de
1689 1530 1844 1572 Warde
1880 1530 2049 1572 Todhill
2085 1536 2129 1572 et
2163 1531 2390 1587 Haygrene

366 1615 562 1659 bondatis
589 1622 636 1658 vt
665 1614 857 1671 sequitur
875 1612 954 1655 viz,
986 1611 1097 1654 inter
1126 1610 1274 1653 silvam
1293 1616 1485 1653 vocatam
1513 1609 1752 1653 Incheviott
1772 1617 1816 1654 et
1835 1610 1890 1653 lie
1914 1611 2004 1667 gait
2033 1611 2214 1668 passand
2233 1611 2299 1652 fra
2318 1611 2390 1652 the

367 1694 536 1737 Todhill
558 1701 601 1737 to
629 1693 701 1736 the
728 1692 829 1748 lang
848 1692 972 1734 medo
1001 1705 1056 1732 ex
1083 1688 1337 1732 occidentali
1356 1688 1531 1731 viridem
1560 1689 1730 1732 hortum
1760 1689 1991 1745 vulgariter
2019 1690 2092 1732 the
2116 1704 2245 1745 grene
2276 1690 2390 1732 zaird

365 1773 611 1817 aminirlane
642 1770 758 1814 zaird
780 1776 825 1813 et
853 1770 909 1812 lie
935 1767 1117 1826 priouris
1145 1767 1269 1810 medo
1296 1782 1350 1810 ex
1380 1766 1575 1810 orientali
1605 1773 1649 1810 et
1677 1767 1734 1810 lie
1760 1782 1854 1825 pow
1884 1783 1939 1811 ex
1962 1768 2113 1811 boriali
2136 1775 2181 1811 et
2204 1769 2261 1811 lie
2282 1769 2392 1811 weill

366 1852 474 1895 croft
494 1857 538 1893 et
558 1851 741 1893 ackorne
761 1848 880 1892 fauld
900 1862 954 1891 ex
974 1845 1151 1890 australi
1170 1846 1363 1902 partibus
1384 1851 1428 1888 et
1448 1860 1577 1902 super
1599 1852 1722 1902 prato
1742 1846 1870 1903 vulgo
1891 1853 2041 1890 vocato
2066 1847 2248 1904 priouris
2268 1850 2391 1891 medo

365 1938 409 1975 et
423 1930 598 1974 diversis
613 1929 807 1972 domibus
827 1933 871 1970 et
890 1926 946 1969 lie
966 1926 1050 1982 ged
1071 1924 1234 1968 stankis
1255 1932 1299 1967 et
1318 1931 1494 1981 pastura
1506 1924 1752 1967 animalium
1771 1925 1816 1967 in
1836 1925 1892 1968 lie
1913 1926 2078 1969 duobus
2098 1928 2220 1971 West
2235 1927 2390 1970 Mossis

365 2019 408 2055 et
429 2011 484 2054 lie
503 2009 623 2054 braid
652 2008 783 2051 Inche
819 2007 871 2049 de
902 2004 1141 2061 Incheffray
1160 2018 1244 2047 vna
1273 2017 1371 2046 cum
1397 2003 1618 2061 privilegio
1638 2004 1832 2047 lucrandi
1863 2011 1909 2048 et
1937 2005 2126 2049 fodiendi
2157 2006 2390 2049 octodecim

366 2093 500 2135 dietas
528 2096 723 2147 petarum
747 2087 792 2129 in
820 2085 945 2129 dietis
972 2083 1183 2127 marresiis
1210 2082 1445 2127 Reddendo
1471 2083 1570 2126 inde
1601 2084 1818 2127 annuatim
1847 2085 2000 2142 viginti
2029 2086 2159 2128 libras
2191 2092 2391 2142 quatuor-

364 2171 500 2214 decim
521 2168 676 2212 solidos
699 2174 744 2210 et
763 2172 859 2210 octo
880 2164 1073 2207 denarios
1093 2178 1257 2206 necnon
1278 2163 1534 2220 duplicando
1555 2163 1709 2206 dictam
1735 2179 1942 2208 summam
1966 2165 2143 2208 introitu
2165 2165 2391 2208 cuiuslibet

363 2249 544 2293 heredis.
603 2249 718 2290 Data
742 2247 822 2289 sub
843 2243 1056 2288 communi
1084 2242 1225 2299 sigillo
1256 2248 1300 2285 et
1329 2242 1709 2300 subscriptionibus
1740 2244 1915 2301 capituli
1945 2246 2059 2302 apud
2089 2246 2391 2289 monasterium

369 2330 513 2372 Insule
533 2327 760 2370 Missarum
781 2327 836 2368 10
857 2325 959 2367 Feb.
983 2324 1109 2366 1558.

319 2567 344 2606 9
372 2569 706 2611 Instrumentum
727 2578 824 2608 cum
843 2569 1044 2620 precepto
1065 2563 1203 2606 sasine
1224 2577 1353 2620 super
1372 2563 1529 2607 eisdem
1550 2564 1695 2607 datum
1717 2538 1771 2609 17
1795 2565 1893 2621 Sep.
1918 2566 2043 2608 1559.

290 2806 345 2846 10
373 2805 500 2848 Carta
526 2800 826 2846 feudifirmaria
859 2814 956 2843 cum
985 2807 1185 2857 precepto
1218 2800 1356 2843 sasine
1389 2801 1443 2843 ab
1470 2800 1619 2843 eodem
1653 2815 1730 2858 pro
1758 2816 1922 2845 summa
1951 2803 2130 2846 duarum
2166 2803 2281 2847 mille
2313 2805 2391 2848 lib-

370 2897 513 2927 rarum
541 2887 710 2924 monete
742 2878 882 2924 Scotie
912 2880 1027 2923 facta
1052 2879 1236 2923 Patricio
1266 2881 1441 2937 Mul-ray
1460 2879 1547 2922 filio
1570 2880 1743 2937 Antonij
1769 2882 1943 2939 Murray
1965 2882 2017 2925 de
2043 2883 2233 2927 Dullerie
2264 2900 2392 2942 super

371 2962 495 3005 terris
514 2959 763 3017 subscriptis
782 2958 978 3003 videlicet
996 2958 1218 3002 duodecim
1244 2959 1440 3002 marcatis
1467 2965 1673 3003 terrarum
1697 2961 1750 3003 de
1777 2961 1820 3003 N
1820 2976 1971 3006 ewraw
1997 2964 2162 3020 antiqui
2191 2971 2390 3009 extentus
