2808 3926
1061 389 1164 436 DE
1205 386 1741 437 INCHAFFERY.
2350 393 2409 436 15

391 554 439 593 et
472 543 770 610 Euangeliste
806 544 864 592 de
902 542 1058 591 Insula
1098 542 1342 597 COifl‘arum
1378 551 1425 591 et
1461 541 1642 590 Abbati
1677 551 1724 590 et
1761 541 2034 590 Conuentui
2076 541 2281 606 ejusdem
2317 541 2405 591 loci

391 634 439 680 in
480 650 647 698 puram
683 642 731 681 et
765 640 1044 697 perpetuam
1082 630 1378 679 elemosinam
1416 630 1510 679 duo
1548 630 1666 679 tofta
1701 639 1748 678 et
1780 640 1982 695 quatuor
2017 646 2147 678 acras
2188 639 2311 677 terre
2357 641 2405 679 ct

388 721 625 785 pasturam
666 720 832 785 viginti
871 736 1118 768 vaccarum
1155 728 1202 767 et
1239 719 1480 785 sexaginta
1519 719 1680 768 ouium
1717 729 1764 767 et
1804 719 2007 767 duorum
2044 736 2273 783 equorum
2311 736 2404 783 que

388 809 607 857 dominus
644 810 880 858 Robertus
915 809 974 856 de
1008 808 1207 862 COekfen
1248 825 1333 873 per
1368 808 1592 856 affensum
1628 808 1818 856 dominc
1853 807 2014 856 Soline
2049 808 2204 856 vxoris
2241 808 2318 856 sue
2356 818 2403 856 et

387 897 640 945 liberorum
672 898 857 945 suorum
889 896 954 945 eis
987 896 1119 944 dedit
1146 896 1197 943 in
1225 895 1333 943 villa
1361 895 1420 944 de
1446 896 1761 962 Kenaydhem
1786 914 1876 961 que
1901 895 1990 944 alio
2014 896 2204 945 nomine
2229 896 2401 944 dicitur

390 986 646 1052 Dolpatrik
681 1004 790 1035 cum
826 986 1043 1035 omnibus
1078 985 1178 1033 aliis
1212 985 1540 1033 communibus
1575 985 1855 1033 aifiamentis
1892 986 2100 1051 ejusdem
2134 985 2241 1034 ville
2274 986 2400 1033 Ten·

388 1076 532 1123 endas
573 1076 654 1123 fibi
695 1085 742 1123 et
782 1074 1076 1140 poffidendas
1123 1073 1474 1139 imperpetuum
1521 1074 1587 1122 ita
1631 1073 1775 1122 libere
1816 1084 1864 1122 et
1904 1074 2061 1139 quiete
2101 1074 2309 1140 plenarie
2352 1084 2401 1123 et

386 1164 640 1213 honorifice
674 1166 789 1213 ficut
830 1163 955 1212 idem
997 1162 1216 1211 dominus
1259 1162 1498 1210 Robertus
1536 1162 1602 1210 eis
1640 1162 1807 1210 eadem
1847 1171 1976 1211 carta
2015 1164 2094 1210 sua
2131 1163 2241 1211 inde
2277 1164 2400 1212 fasta

386 1256 632 1304 confirmat
671 1253 795 1302 saluo
836 1263 936 1302 toto
972 1252 1198 1300 forinseco
1238 1251 1430 1300 seruicio
1471 1251 1598 1316 quod
1636 1261 1733 1299 tam
1767 1251 1860 1317 ipse
1901 1251 2119 1300 dominus
2158 1252 2398 1301 Robertus

385 1362 526 1409 quam
560 1343 757 1392 heredes
789 1342 854 1389 sui
886 1359 972 1407 pro
996 1340 1189 1406 prefatis
1216 1339 1406 1388 Abbate
1430 1350 1477 1388 et
1501 1350 1743 1388 conuentu
1772 1340 1819 1387 in
1844 1349 2127 1406 perpetuum
2152 1341 2399 1406 adquieta-

384 1432 505 1480 bunt
527 1433 641 1480 ficut
665 1431 757 1495 ipse
782 1430 830 1478 in
854 1429 1063 1496 predicta
1086 1438 1215 1478 carta
1237 1429 1317 1477 sua
1340 1430 1535 1477 testatur
1554 1455 1565 1467 ·
1595 1429 1703 1477 Hiis
1728 1428 1921 1477 testibus
1943 1456 1954 1467 ·
1975 1430 2167 1479 domino
2194 1432 2239 1478 R
2267 1461 2276 1469 ·
2303 1432 2398 1481 filio

385 1521 555 1587 Lugan
584 1520 728 1575 milite
752 1537 857 1569 meo
878 1547 888 1557 ·
911 1519 951 1567 B
974 1548 983 1558 ·
1009 1520 1070 1569 de
1094 1519 1245 1567 dunin
1269 1518 1512 1568 senescallo
1536 1536 1643 1567 meo
1669 1545 1679 1556 ·
1700 1518 1892 1567 domino
1917 1519 1963 1566 R
1985 1546 1996 1558 ·
2023 1520 2263 1586 capellano
2283 1549 2294 1561 ·
2317 1522 2366 1570 H
2386 1551 2397 1562 ·

386 1609 480 1658 filio
518 1609 746 1657 Tristram
784 1609 1002 1657 rennario
1048 1626 1154 1657 meo
1194 1635 1205 1647 ·
1250 1608 1299 1658 Gr
1339 1635 1350 1646 ·
1389 1608 1449 1656 de
1485 1607 1694 1662 ‹norauia
1731 1635 1743 1647 ·
1788 1607 2017 1657 Tristram
2054 1609 2113 1657 de
2153 1609 2310 1676 Gorty
2350 1621 2398 1660 et

387 1697 547 1746 multis
572 1697 673 1745 aliis
701 1726 711 1736 ·

397 1943 556 2009 Carta
579 1959 785 2009 Gilberti
809 1957 993 2008 c'omitis
1018 1958 1076 2006 de
1100 1957 1237 2007 terris
1262 1957 1594 2006 canonicorum
1622 1984 1632 1995 ·

309 2140 369 2186 13
400 2120 657 2185 Gilbertus
680 2153 836 2184 comes
859 2137 919 2184 de
941 2134 1225 2200 Stratheryn
1249 2134 1468 2182 omnibus
1491 2134 1652 2182 amicis
1677 2143 1724 2183 et
1747 2134 2016 2183 hominibus
2040 2135 2130 2184 suis
2153 2135 2331 2185 clericis
2354 2146 2402 2185 et

391 2226 521 2275 laicis
555 2224 748 2274 salutem
785 2224 950 2273 Sciant
985 2224 1224 2290 presentes
1258 2231 1305 2272 et
1338 2223 1486 2272 futuri
1516 2241 1594 2271 me
1624 2223 1814 2289 pietatis
1847 2224 2024 2273 intuitu
2059 2234 2107 2273 et
2137 2243 2223 2291 pro
2257 2225 2401 2274 salute

392 2313 548 2362 anime
593 2331 697 2362 mee
734 2322 782 2361 et
821 2312 1025 2366 matildis
1063 2311 1288 2360 comitisse
1329 2311 1389 2360 de
1426 2311 1710 2377 Stratheryn
1755 2313 1911 2361 vxoris
1949 2321 1998 2362 et
2037 2314 2186 2380 patris
2225 2314 2318 2362 mei
2356 2323 2403 2362 et

393 2402 552 2457 matris
582 2420 687 2451 mee
718 2412 766 2450 et
793 2401 1022 2450 heredum
1060 2418 1273 2449 meorum
1308 2400 1480 2448 dediffe
1521 2408 1571 2448 et
1612 2402 1869 2450 conceffiffe
1910 2412 1958 2451 et
1999 2402 2087 2451 hac
2129 2412 2260 2451 carta
2295 2420 2402 2451 mea

392 2491 684 2541 confirmasse
724 2490 834 2538 Deo
883 2500 931 2538 et
977 2489 1164 2538 ecclefie
1210 2489 1350 2538 sancti
1390 2488 1623 2538 Johannis
1660 2489 1876 2555 Apostoli
1912 2501 1960 2540 et
2000 2491 2301 2557 Euangeliste
2341 2492 2401 2540 de

394 2579 661 2628 Inchaffren
694 2587 742 2627 et
766 2578 1002 2627 canonicis
1033 2577 1210 2626 ibidem
1246 2578 1335 2626 deo
1366 2577 1674 2625 seruientibus
1705 2586 1754 2626 et
1780 2578 2018 2627 seruituris
2053 2589 2201 2628 totam
2226 2588 2399 2628 terram

394 2670 453 2718 de
478 2668 725 2733 Ardewny
751 2684 837 2732 per
869 2668 1017 2715 reffias
1049 2665 1219 2714 diuisas
1246 2666 1350 2714 suas
1379 2676 1427 2714 et
1455 2683 1565 2714 cum
1593 2666 1814 2714 omnibus
1831 2667 1967 2732 justis
1991 2668 2287 2733 pertinentiis
2312 2669 2401 2716 suis

395 2767 442 2807 et
469 2767 619 2806 totam
651 2766 827 2805 terram
851 2756 910 2804 de
934 2754 1174 2804 Achlonxi
1201 2772 1287 2820 per
1313 2755 1460 2803 rectas
1489 2754 1653 2803 divisas
1682 2755 1785 2803 suas
1814 2765 1862 2804 et
1894 2773 2003 2805 cum
2028 2757 2246 2804 omnibus
2264 2757 2400 2821 justis

394 2845 691 2912 pertinentiis
716 2845 806 2893 suis
829 2855 877 2894 et
901 2854 1049 2894 totam
1074 2854 1248 2894 terram
1271 2845 1330 2892 de
1354 2844 1601 2892 Duffindir
1623 2863 1710 2910 per
1732 2847 1880 2894 redtas
1905 2846 2073 2895 diuisas
2096 2848 2198 2896 suas
2222 2857 2269 2896 et
2292 2866 2399 2897 cum

395 2935 612 2982 omnibus
641 2934 778 2999 justis
809 2933 1107 2999 pertinentiis
1139 2943 1187 2981 et
1218 2942 1368 2981 totam
1397 2942 1573 2982 terram
1604 2933 1732 2981 illam
1761 2934 1820 2983 de
1849 2934 2129 3002 COaddyryn
2153 2954 2247 2999 que
2271 2938 2398 2985 anti-

397 3022 554 3087 quitus
586 3021 802 3071 Abbacia
834 3022 1094 3070 vocabatur
1127 3039 1214 3088 per
1245 3023 1394 3070 rectas
1429 3022 1599 3070 diuisas
1638 3023 1741 3070 suas
1777 3032 1824 3070 et
1866 3041 1974 3072 cum
2010 3024 2228 3072 omnibus
2261 3027 2397 3090 justis

396 3109 690 3177 pertinentiis
719 3110 810 3159 suis
834 3110 1088 3159 Tenendas
1119 3110 1170 3158 in
1202 3109 1396 3158 liberam
1428 3127 1595 3175 puram
1632 3121 1679 3160 et
1714 3121 1996 3176 perpetuam
2025 3111 2311 3161 elimosinam
2345 3115 2395 3163 in
