2808 3926
429 359 488 403 14
1189 354 1668 405 REGISTRUM

427 509 641 575 magistro
672 509 714 556 L
741 535 752 547 ·
780 508 956 556 decano
981 506 1307 557 Dunblanenfi
1332 535 1345 548 ο
1371 508 1528 557 Bricio
1552 508 1612 557 de
1635 509 1826 578 Dunyn
1850 534 1864 548 ·
1888 507 2078 559 Thoma
2100 507 2266 558 clerico
2291 526 2395 564 meo
2424 535 2435 546 ·

428 597 610 652 COalifio
635 606 807 662 nepote
830 613 936 644 meo
960 604 1007 644 et
1030 594 1132 643 aliis
1157 621 1169 638 .

435 847 761 913 Confirmatio
786 860 1011 910 Willelmi
1046 860 1194 927 Regis
1227 860 1366 926 super
1400 859 1538 908 terris
1563 858 1844 907 Auchlunxi
1880 885 1892 897 ·
1928 859 2176 924 Ardewny
2202 885 2212 895 ·
2243 858 2438 906 Duffin-

431 951 504 999 dir
529 978 538 988 ·
566 960 614 999 et
636 949 888 999 Ardbanin
915 961 962 998 et
987 948 1173 997 Baleful
1196 975 1207 987 ·

347 1128 403 1173 11
430 1111 733 1178 Willelmus
770 1127 868 1176 Dei
904 1126 1057 1193 gratia
1089 1126 1199 1175 Rex
1232 1125 1506 1175 Scottorum
1541 1125 1761 1174 omnibus
1796 1125 1955 1191 probis
1989 1125 2260 1174 hominibus
2296 1124 2440 1172 totius

429 1228 553 1267 terre
587 1218 665 1266 sue
689 1216 868 1265 clericis
903 1225 951 1265 et
972 1215 1101 1265 laicis
1131 1214 1327 1264 salutem
1364 1213 1527 1263 Sciant
1555 1214 1792 1280 presentes
1821 1223 1870 1263 et
1897 1214 2044 1263 futuri
2077 1232 2154 1262 me
2189 1213 2443 1263 conceffiffe

430 1317 478 1356 et
500 1306 589 1354 hac
614 1315 742 1355 carta
765 1322 871 1354 mea
899 1304 1187 1353 confirmaffe
1210 1303 1320 1352 Deo
1349 1312 1397 1351 et
1425 1302 1611 1351 ecclefie
1639 1303 1779 1352 sancti
1803 1302 2036 1351 Johannis
2060 1303 2361 1368 Euangeliste
2385 1303 2444 1350 de

430 1394 702 1459 Inchaffryn
740 1403 787 1442 et
815 1393 1051 1442 canonicis
1089 1392 1270 1440 ibidem
1297 1391 1407 1440 Deo
1435 1390 1745 1439 seruientibus
1782 1399 1830 1439 et
1865 1389 2102 1439 seruituris
2139 1389 2442 1437 donationem

429 1483 557 1531 illam
594 1500 737 1548 quam
773 1499 931 1530 comes
965 1480 1210 1530 Gilbertus
1247 1480 1307 1529 de
1345 1479 1626 1545 Stratheryn
1662 1479 1728 1527 eis
1762 1479 1872 1528 fecit
1906 1479 1967 1528 de
1994 1478 2272 1526 Auchlunxi
2301 1487 2348 1526 et
2383 1477 2441 1525 de

430 1572 682 1637 Ardewny
707 1581 754 1619 et
776 1570 1097 1636 Drumfindyr
1120 1578 1167 1618 et
1190 1568 1425 1634 Ardbany
1449 1594 1461 1607 ·
1495 1577 1543 1617 et
1567 1566 1796 1617 Ballefule
1821 1595 1833 1607 ·
1866 1567 2148 1616 Tenendam
2171 1567 2221 1614 in
2244 1566 2441 1615 liberam

431 1670 479 1708 et
502 1667 672 1724 puram
701 1667 748 1707 et
784 1666 1066 1723 perpetuam
1104 1656 1389 1705 elimofinam
1411 1673 1498 1722 per
1520 1657 1676 1705 nectas
1700 1655 1871 1703 diuisas
1893 1655 1996 1703 suas
2019 1664 2067 1703 et
2091 1671 2201 1702 cum
2223 1653 2442 1702 omnibus

426 1747 562 1812 justis
599 1745 897 1812 pertinentiis
934 1745 1028 1793 suis
1065 1745 1131 1793 ita
1165 1743 1310 1792 libere
1347 1743 1504 1809 quiete
1540 1743 1752 1809 plenarie
1789 1751 1837 1791 et
1872 1742 2127 1791 honorifice
2163 1743 2278 1790 ficut
2314 1750 2444 1790 carta

431 1835 627 1902 predicti
659 1834 844 1883 comitis
869 1833 1075 1883 Gilberti
1102 1833 1161 1881 de
1187 1831 1469 1899 Stratheryn
1496 1833 1622 1896 juste
1652 1832 1847 1880 testatur
1877 1830 2003 1880 saluo
2030 1830 2222 1880 seruicio
2249 1830 2404 1879 nostro
2430 1857 2441 1868 ·

435 1923 655 1973 Testibus
679 1921 917 1971 Willelmo
941 1921 1174 1986 Episcopo
1201 1919 1360 1970 Sancffi
1383 1920 1580 1970 Andree
1611 1947 1623 1959 ·
1651 1920 1864 1986 Hugone
1888 1919 1948 1968 de
1971 1919 2267 1985 mortymare
2288 1917 2444 1984 priore

433 2015 493 2062 de
518 2011 639 2065 COaii
662 2038 674 2051 ·
701 2010 871 2060 comite
896 2009 1151 2065 COalcolmo
1180 2009 1239 2058 de
1262 2011 1369 2076 ffyff
1388 2038 1398 2049 ·
1424 2009 1647 2076 Philippo
1672 2009 1732 2058 de
1753 2007 1966 2057 Valoniis
1993 2007 2264 2057 Camerario
2290 2033 2302 2045 ·
2317 2005 2444 2054 Wil-

433 2102 572 2151 lelmo
592 2101 769 2151 Cumin
793 2127 805 2139 ·
832 2100 1011 2155 &alico
1033 2099 1129 2147 filio
1152 2098 1337 2148 comitis
1361 2099 1402 2146 F
1405 2098 1560 2149 erteth
1584 2126 1596 2137 ·
1623 2097 1836 2146 Waltero
1861 2096 2064 2163 Olyfard
2088 2123 2099 2136 ·
2125 2095 2360 2144 Willelmo
2384 2095 2444 2144 de

433 2191 645 2240 Valoniis
670 2217 681 2227 ·
708 2189 984 2238 Alexandro
1006 2188 1282 2238 vicecomite
1296 2188 1356 2237 de
1383 2186 1663 2254 Streuyllyn
1689 2214 1699 2223 ·
1727 2177 1965 2235 Willelmo
1992 2185 2178 2235 Giffard
2211 2211 2222 2223 ·
2256 2183 2443 2250 Philipo

434 2280 493 2328 de
516 2278 713 2327 Lundin
737 2277 867 2342 apud
893 2275 1166 2344 Streuyllyn
1189 2282 1273 2329 xx⁰
1297 2276 1374 2324 die
1397 2275 1428 2324 J
1433 2275 1514 2325 ulii
1538 2303 1549 2316 ·

439 2526 762 2593 Confirmatio
791 2541 990 2590 Roberti
1022 2541 1205 2590 comitis
1233 2541 1369 2606 super
1400 2539 1654 2588 donatione
1684 2538 1730 2586 R
1770 2564 1782 2577 ·
1821 2538 1880 2587 de
1909 2538 2111 2587 Mekfen
2143 2539 2202 2587 de
2239 2538 2366 2587 toftis
2395 2547 2441 2586 et

434 2641 636 2696 quatuor
659 2631 778 2679 acris
802 2631 852 2678 in
877 2629 1152 2696 Dolpatryk
1177 2658 1186 2667 ·

347 2819 408 2865 12
435 2792 695 2858 Robertus
723 2823 878 2855 comes
906 2805 965 2855 de
997 2803 1279 2869 Stratheryn
1313 2802 1530 2852 omnibus
1559 2801 1718 2867 probis
1746 2801 2015 2851 hominibus
2043 2803 2186 2851 totius
2215 2813 2337 2853 terre
2364 2805 2442 2854 sue

434 2909 531 2948 tam
559 2895 737 2946 clericis
767 2912 909 2961 quam
936 2893 1065 2943 laicis
1092 2892 1287 2942 salutem
1324 2918 1336 2932 ·
1375 2890 1539 2940 Sciant
1566 2890 1802 2956 presentes
1818 2880 1873 2939 ‘et
1899 2890 2046 2943 futuri
2079 2910 2156 2941 me
2187 2894 2442 2942 conceflifl'e

433 2997 479 3036 et
502 2986 590 3034 hac
613 2994 743 3034 carta
765 3000 871 3032 mea
893 2982 1181 3032 confirmaffe
1204 2981 1315 3030 Deo
1338 2987 1388 3029 et
1414 2981 1550 3029 beate
1578 2980 1734 3034 COarie
1757 2989 1805 3029 et
1827 2981 1964 3030 beato
1988 2980 2021 3030 J
2024 2980 2198 3033 ohanni
2214 2976 2440 3048 Apostolo
