2808 3926
1196 1311 1716 1376 REGISTRUM

723 1500 1100 1608 ΑΒΒΑΟΙΕ
1157 1500 1274 1566 DE
1327 1500 1652 1566 INSULA
1707 1501 2186 1567 MISSARUM.

1256 1775 1664 1782 —--————

456 2001 619 2068 Carta
644 2018 852 2069 Gilberti
875 2019 1076 2070 Comitis
1099 2019 1160 2069 de
1186 2018 1474 2084 Stratheryn
1499 2046 1509 2056 ·

394 2196 418 2238 1
452 2176 521 2242 In
551 2195 743 2244 nomine
771 2195 954 2244 domini
984 2195 1130 2244 nostri
1162 2195 1265 2244 Iesu
1294 2193 1470 2244 Christi
1503 2194 1586 2259 qui
1619 2192 1853 2258 coequalis
1887 2203 1936 2243 et
1970 2202 2220 2243 coeternus
2254 2195 2320 2244 est
2350 2196 2459 2245 Deo

449 2283 583 2331 Patri
628 2292 677 2331 et
724 2282 924 2348 Spiritui
967 2282 1141 2332 Sancto
1181 2283 1288 2349 Ego
1334 2281 1582 2332 Gilbertus
1624 2280 1749 2330 filius
1789 2280 1986 2330 Ferthet
2025 2280 2123 2330 Dei
2165 2281 2460 2348 indulgentia

448 2388 605 2420 comes
633 2370 694 2419 de
728 2370 1012 2437 Stratheryn
1041 2380 1088 2420 et
1119 2388 1208 2437 ego
1238 2368 1458 2425 matildis
1493 2367 1590 2417 filia
1620 2367 1848 2418 Willelmi
1883 2369 1943 2417 de
1973 2368 2200 2435 Aubegni
2233 2370 2459 2419 comitifl'a

446 2458 700 2524 inspirante
731 2458 884 2525 gratia
920 2459 1080 2507 divina
1114 2457 1326 2508 volentes
1361 2457 1412 2506 in
1447 2456 1587 2507 feodo
1624 2457 1781 2506 nostro
1817 2465 1865 2505 et
1900 2456 2186 2523 patrimonio
2221 2457 2457 2507 ecclefiam

448 2547 545 2595 Dei
572 2546 779 2596 exaltare
806 2556 855 2596 et
886 2547 950 2595 ad
978 2546 1077 2596 Dei
1106 2545 1289 2596 cultum
1318 2546 1473 2595 sancte
1499 2544 1741 2611 religionis
1764 2544 1942 2594 ibidem
1967 2544 2202 2611 plantaria
2223 2546 2422 2595 inserere
2447 2576 2458 2585 ·

445 2635 798 2685 assentientibus
843 2635 1083 2685 devotioni
1127 2636 1280 2684 nostre
1323 2633 1668 2684 venerabilibus
1721 2633 1964 2701 Episcopis
2021 2634 2185 2683 nostris
2237 2635 2270 2684 J
2272 2634 2458 2685 ohanne

440 2724 775 2777 Dunkeldenfi
806 2734 854 2775 et
883 2725 915 2775 J
917 2725 1093 2774 onatha
1122 2724 1451 2773 Dunblanenfi
1484 2723 1729 2789 liberisque
1763 2724 1931 2773 nostris
1965 2723 2194 2773 militibus
2225 2734 2273 2776 et
2300 2725 2457 2773 thanis

445 2813 811 2865 concedentibus
850 2839 863 2851 ·
898 2813 1069 2862 damus
1105 2812 1408 2862 concedimus
1444 2820 1493 2861 et
1530 2811 1758 2863 tradimus
1796 2810 2119 2860 Incheafferen
2154 2811 2283 2876 quod
2315 2810 2458 2860 latine

446 2902 619 2950 dicitur
664 2901 822 2950 Insula
874 2898 1112 2950 m’ifl‘arum
1165 2900 1360 2950 domino
1411 2901 1567 2949 nostro
1617 2899 1650 2949 J
1652 2899 1731 2949 esu
1777 2898 1963 2949 Christo
2014 2908 2063 2948 et
2112 2900 2250 2948 beate
2300 2898 2454 2953 marie

445 2988 676 3053 genetrici
710 2990 812 3054 ejus
845 2989 1092 3053 sanctoque
1126 2988 1158 3037 J
1161 2987 1336 3037 ohanni
1369 2986 1576 3053 apostolo
1606 2986 1804 3036 liberam
1839 2986 2040 3036 solutam
2074 2996 2122 3036 et
2156 2986 2362 3052 quietam
2396 2987 2456 3035 ab

447 3075 575 3124 omni
617 3076 855 3125 exactione
891 3075 1080 3125 servicio
1117 3075 1452 3125 consuetudine
1492 3083 1541 3124 et
1576 3074 1856 3140 subjectione
1889 3074 2083 3124 seculari
2123 3093 2179 3124 ea
2214 3074 2455 3125 voluntate
