2756 3926
383 386 446 430 80
1072 420 1079 424 .
1143 377 1620 428 REGISTRUM

386 536 556 584 mentis
589 545 636 584 et
665 535 801 600 justis
835 533 1135 600 pertinentijs
1158 533 1248 580 suis
1283 532 1334 579 in
1370 531 1568 580 liberam
1602 549 1771 595 puram
1808 540 1856 580 et
1901 541 2179 596 perpetuam
2215 533 2390 582 elemo-

386 628 530 673 finam
572 624 690 673 adeo
725 623 870 671 libere
905 631 954 670 et
992 621 1154 685 quiete
1187 619 1396 685 plenarie
1433 628 1482 668 et
1515 619 1774 669 honorifice
1808 621 1923 668 sicut
1959 619 2114 685 aliqua
2147 620 2391 670 elemosina

389 713 438 759 in
471 729 617 777 regno
655 709 813 758 Scotie
841 725 926 773 per
959 724 1045 756 nos
1068 716 1150 755 aut
1181 707 1522 772 predecessores
1550 707 1730 754 nostros
1753 705 1986 771 aliquibus
2016 708 2069 754 in
2097 707 2392 756 elemosinam

389 799 595 848 conceffa
624 787 814 846 liberius
848 797 927 845 seu
950 795 1160 861 quiecius
1192 804 1382 844 tenetur
1404 795 1483 843 seu
1517 794 1771 860 poffidetur
1805 822 1816 834 ·
1855 795 1915 843 In
1938 797 2072 860 cujus
2094 796 2162 844 rei
2193 797 2393 845 testimo-

391 887 523 934 nium
550 874 764 949 presenti·
781 892 908 932 carte
935 884 1088 932 nostre
1118 883 1329 931 nostrum
1362 882 1657 948 precepimus
1685 883 1860 947 apponi
1894 882 2093 948 sigillum
2131 913 2140 923 -
2179 884 2395 933 Testibus

394 972 636 1020 Bernardo
659 972 830 1020 abbate
854 971 913 1019 de
931 969 1292 1019 Abbirbrothok
1309 969 1585 1019 cancellario
1602 971 1757 1019 nostro
1783 998 1793 1009 ·
1818 970 2055 1020 Willelmo
2079 972 2138 1020 de
2161 972 2395 1039 Lindesay

394 1060 646 1109 camerario
670 1060 824 1107 nostro
851 1086 861 1096 ·
887 1057 1098 1106 Waltero
1121 1047 1361 1106 senescallo
1388 1057 1548 1106 Scotie
1571 1085 1585 1097 ·
1617 1057 1649 1106 J
1651 1058 1796 1106 acobo
1819 1058 2010 1108 domino
2034 1059 2093 1108 de
2116 1060 2360 1126 Dowglass
2387 1089 2396 1098 ·

396 1151 606 1199 Roberto
645 1149 703 1196 de
741 1147 872 1195 Keth
912 1146 1167 1195 mariscallo
1205 1148 1359 1195 nostro
1402 1174 1414 1186 ·
1453 1146 1673 1195 Johanne
1708 1146 1909 1194 Wifl‘ard
1942 1155 1991 1196 et
2028 1147 2304 1198 Alexandro
2341 1150 2399 1197 de

399 1240 580 1288 Setoun
603 1237 825 1291 militibus
858 1262 867 1272 ·
906 1235 1055 1299 Apud
1080 1235 1361 1301 Berwycum
1385 1236 1521 1302 super
1545 1235 1774 1283 Twedam
1803 1236 2083 1285 duodecimo
2116 1238 2191 1286 die
2223 1238 2401 1304 Aprilis

397 1345 521 1376 anno
545 1325 678 1391 regni
702 1324 844 1373 nostri
867 1324 1005 1373 tertio
1031 1324 1211 1372 decimo
1238 1351 1249 1363 ·

405 1575 730 1640 Confirmatio
754 1589 980 1639 Willelmi
1003 1589 1204 1655 episcopi
1226 1590 1362 1654 super
1385 1590 1506 1639 dista
1530 1590 1714 1639 ecclesia
1738 1591 1797 1640 de
1823 1591 2003 1657 Kyllyn
2029 1621 2039 1630 -

316 1772 376 1817 84
402 1752 662 1819 Vniuersis
699 1769 848 1816 fauste
882 1768 1040 1821 matris
1075 1766 1261 1816 ecclesie
1294 1766 1403 1831 filijs
1436 1768 1498 1815 ad
1526 1785 1642 1832 quos
1676 1769 1911 1833 presentes
1938 1768 2074 1818 litere
2106 1771 2407 1835 peruenerint

404 1857 668 1907 Willelmus
692 1856 984 1905 miseratione
1008 1855 1173 1903 diuina
1195 1854 1378 1904 ecclesie
1402 1855 1753 1904 Dunkeldensis
1775 1857 1979 1911 minister
2005 1857 2193 1907 humilis
2216 1858 2408 1908 salutem

403 1949 454 1995 in
479 1946 671 1995 domino
706 1944 1036 2009 sempiternam
1074 1972 1084 1982 ·
1120 1943 1326 1992 Nouerit
1358 1944 1629 1992 vniuerfitas
1659 1946 1809 1993 vestra
1839 1963 1925 1994 nos
1953 1946 2013 1994 de
2044 1947 2264 1996 vnanimo
2296 1966 2410 1996 con-

405 2036 541 2101 sensu¹
565 2045 614 2084 et
645 2034 819 2082 assensu
843 2032 1036 2097 capituli
1064 2032 1205 2081 nostri
1235 2031 1397 2080 habito
1420 2033 1557 2098 super
1578 2032 1668 2081 hoc
1698 2033 1830 2097 prius
1860 2033 1983 2083 inter
2010 2053 2096 2083 nos
2127 2035 2176 2083 in
2208 2036 2411 2101 capitulo

405 2125 558 2172 nostro
591 2121 804 2187 diligenti
840 2129 888 2169 et
910 2120 1146 2184 frequenti
1170 2137 1225 2168 ac
1246 2118 1475 2183 solempni
1507 2130 1713 2169 tractatu
1736 2121 1941 2170 caritatis
1966 2122 2141 2171 intuitu
2169 2140 2254 2187 pro
2282 2123 2411 2172 cultu

406 2212 568 2260 diuino
592 2210 810 2276 augendo
834 2218 882 2258 et
903 2207 1215 2273 hospitalitate
1238 2208 1446 2257 tenenda
1469 2209 1724 2258 conceffifl'e
1748 2219 1796 2258 et
1819 2210 2058 2259 contulifl'e
2082 2211 2410 2276 inperpetuum

405 2299 631 2364 Religiosis
655 2298 763 2346 viris
787 2296 946 2345 abbati
970 2297 1028 2345 de
1052 2295 1210 2344 Insula
1232 2296 1480 2350 missarum
1499 2305 1546 2344 et
1566 2296 1802 2346 canonicis
1820 2298 2026 2363 ejusdem
2043 2299 2302 2364 monasterij
2329 2318 2414 2365 per

407 2388 749 2454 dispositionem
771 2386 838 2434 sui
860 2385 1042 2434 abbatis
1066 2385 1175 2434 Deo
1199 2385 1251 2432 in
1274 2394 1558 2451 perpetuum
1652 2415 1663 2424 ·
