2756 3926
1038 347 1142 426 D'E
1179 374 1712 427 INGHAFFERY.
2321 380 2382 432 79

377 531 690 582 testimonium
715 548 965 580 commune
993 530 1190 596 figillum
1215 530 1411 597 capituli
1440 530 1626 580 ecclesie
1658 530 1810 578 nostre
1833 528 1946 578 huic
1968 529 2138 596 scripto
2161 532 2380 597 apposui-

375 639 482 669 mus
509 650 519 659 ·
557 621 695 669 Teste
720 619 922 686 capitulo
954 647 966 659 ·
1001 619 1133 668 Data
1155 620 1283 686 apud
1306 619 1539 668 Dunkeld
1562 637 1686 668 anno
1708 618 1856 684 gratie
1879 617 2115 673 millefimo
2139 626 2242 668 66ιιηο
2266 627 2382 667 xxx⁰

376 712 539 759 01913110
566 738 576 748 ·
606 718 773 774 quarto
797 726 946 758 nonas
969 708 1181 773 Januarij
1211 736 1221 747 ·

378 956 591 1022 Donum
626 969 826 1019 Roberti
859 969 982 1036 regis
1022 969 1083 1018 de
1115 969 1226 1035 jure
1261 979 1539 1035 patronatus
1578 969 1764 1063 66616116
1802 971 1861 1021 de
1900 972 2079 1040 Kyllyn
2115 974 2198 1023 sub
2233 973 2375 1040 figillo

375 1064 547 1110 secreto
573 1088 583 1098 ·

288 1242 352 1287 82
376 1219 638 1285 Robertus
671 1232 768 1283 Dei
789 1231 941 1299 gratia
960 1248 1045 1281 rex
1071 1230 1344 1281 Scottorum
1367 1232 1586 1281 omnibus
1607 1233 1767 1299 probis
1789 1222 2062 1283 hominibus
2084 1234 2229 1283 totius
2252 1244 2374 1284 terre

375 1325 453 1373 sue
476 1322 670 1372 salutem
704 1348 714 1360 ·
753 1320 926 1370 Sciatis
953 1337 1039 1369 nos
1063 1319 1234 1368 dedifl’e
1264 1329 1313 1369 et
1340 1322 1596 1370 conceffiffe
1626 1321 1737 1371 Deo
1769 1332 1817 1371 et
1846 1323 1983 1372 beate
2014 1322 2169 1377 marie
2204 1323 2373 1390 virgini

373 1421 421 1460 et
444 1412 581 1460 beato
604 1409 637 1459 J
639 1407 814 1458 ohanni
832 1406 1036 1473 apostolo
1059 1417 1108 1456 et
1130 1406 1414 1471 euangeliste
1437 1418 1485 1457 et
1508 1407 1735 1475 Religiofis
1750 1409 1861 1459 viris
1882 1410 2040 1459 abbati
2055 1420 2102 1459 et
2117 1412 2372 1460 conuentui

372 1499 431 1547 de
469 1496 625 1546 Insula
661 1495 911 1550 COifl'arum
952 1494 1003 1541 in
1041 1510 1213 1558 puram
1252 1501 1302 1543 et
1340 1504 1618 1559 perpetuam
1654 1495 1950 1546 elemosinam
1983 1498 2064 1562 jus
2096 1507 2373 1563 patronatus

370 1584 557 1634 ecclesie
595 1582 655 1632 de
703 1580 886 1648 Kyllyn
926 1580 975 1628 in
1011 1579 1375 1646 Glendochyrth
1411 1599 1521 1630 cum
1560 1583 1779 1633 omnibus
1817 1582 2113 1633 libertatibus
2145 1585 2373 1634 fructibus

371 1682 419 1722 et
440 1669 740 1737 pertinentijs
764 1667 1046 1718 omnimodis
1073 1667 1135 1717 ad
1158 1667 1328 1717 dietam
1351 1668 1585 1718 ecclefiam
1607 1670 2011 1736 qualitercumque
2028 1671 2372 1738 pertinentibus

370 1760 438 1808 ita
474 1768 633 1807 tamen
670 1756 799 1822 quod
837 1754 948 1804 diesi
984 1755 1128 1803 abbas
1162 1764 1210 1804 et
1245 1765 1510 1805 conuentus
1544 1757 1595 1804 in
1628 1766 1915 1823 perpetuum
1948 1758 2194 1808 inuenient
2226 1778 2372 1808 vnum

371 1846 648 1897 canonicum
672 1845 836 1894 diuina.
859 1844 1173 1894 celebrantem
1196 1843 1246 1892 in
1267 1843 1455 1893 66616113
1477 1845 1537 1894 de
1562 1844 1858 1895 Strathfulan
1884 1875 1895 1886 ·
1921 1847 1979 1895 In
1995 1849 2068 1913 cuj
2076 1864 2130 1896 us
2152 1848 2221 1897 rei
2245 1849 2372 1897 testi-

370 1936 582 1985 monium
617 1934 908 2001 presentibus
944 1932 1141 2000 figillum
1174 1934 1383 1982 nostrum
1420 1934 1660 1997 priuatum
1693 1935 1889 1984 fecimus
1922 1936 2098 2002 apponi
2133 1962 2146 1976 ·
2186 1937 2370 1986 Datum

367 2024 498 2090 apud
522 2022 849 2073 Clakmanane
873 2048 884 2061 ·
910 2022 1020 2087 xxvj
1048 2047 1061 2060 ·
1084 2021 1161 2071 die
1183 2021 1429 2086 Februarij
1454 2039 1579 2071 311110
1602 2022 1735 2088 regni
1758 2022 1901 2072 nostri
1922 2023 2202 2073 duodecimo
2228 2054 2256 2093 ·.

374 2271 536 2337 Carta
560 2287 758 2337 Roberti
780 2287 904 2353 regis
926 2287 1008 2336 sub
1029 2303 1203 2353 magno
1224 2285 1370 2353 figillo
1393 2287 1453 2336 de
1476 2286 1664 2336 66616113
1686 2287 1746 2336 de
1772 2287 1950 2355 Kyllyn
1977 2316 1987 2328 ·

278 2478 341 2523 83
368 2446 631 2513 Robertus
655 2462 731 2511 dei
752 2461 903 2527 gratia
924 2479 1007 2511 rex
1034 2461 1306 2511 Scottorum
1330 2463 1550 2511 omuibus
1582 2463 1743 2529 probis
1772 2463 2046 2514 hominibus
2076 2466 2222 2515 totius
2246 2477 2368 2517 terre

364 2553 442 2602 sue
476 2561 574 2601 tam
614 2550 794 2600 clericis
828 2567 972 2617 quam
999 2549 1130 2599 laicis
1163 2549 1357 2599 salutem
1394 2576 1407 2589 ·
1446 2550 1616 2600 Sciatis
1646 2568 1734 2600 nos
1756 2569 1842 2617 pro
1865 2552 2009 2603 salute
2039 2554 2194 2604 anime
2216 2558 2368 2605 nostre

364 2649 411 2688 et
447 2657 533 2705 pro
568 2639 710 2688 salute
744 2638 1008 2687 animarum
1050 2637 1264 2686 omnium
1303 2638 1635 2687 antecessorum
1676 2649 1724 2688 et
1763 2639 2066 2690 succefl'orum
2106 2643 2365 2691 nostrorum

364 2744 536 2793 Regum
562 2726 719 2775 Scotie
743 2725 915 2775 dedifl‘e
937 2725 1190 2774 conceffifl’e
1213 2734 1261 2774 et
1283 2725 1371 2774 1136
1392 2725 1595 2791 presenti
1617 2735 1746 2775 carta
1767 2728 1922 2776 nostra.
1951 2730 2238 2779 confirmasse
2255 2730 2365 2779 Deo

364 2824 412 2864 61
433 2815 569 2863 beate
592 2814 746 2868 marie
768 2813 936 2879 virgini
959 2823 1006 2862 et
1028 2813 1167 2862 beato
1196 2812 1228 2861 J
1230 2812 1405 2862 ohanni
1435 2813 1642 2880 apostolo
1671 2823 1718 2864 et
1749 2816 2033 2882 euangeliste
2066 2828 2114 2867 et
2137 2818 2362 2884 Religiofis

364 2902 472 2951 viris
512 2902 673 2951 abbati
707 2912 757 2951 et
790 2901 1046 2951 conuentui
1085 2902 1144 2950 de
1181 2900 1338 2950 Insula
1370 2900 1614 2954 wiffam-um
1643 2903 1725 2968 jus
1763 2913 2042 2970 patronatus
2082 2906 2266 2955 ecclefie
2301 2907 2360 2954 de

366 2990 546 3057 Kyllyn
586 2991 635 3039 in
671 2990 956 3040 Glendorith
990 2990 1276 3040 Tenendum
1309 3000 1358 3040 et
1390 2990 1662 3041 habendum
1696 2993 1829 3042 dictis
1862 2994 2080 3061 religiofis
2115 3006 2162 3044 et
2195 3013 2356 3044 eorum

362 3079 688 3128 succefl'oribus
710 3079 761 3127 in
783 3087 1064 3145 perpetuum
1087 3095 1194 3127 cum
1217 3078 1435 3128 omnibus
1456 3079 1752 3130 libertatibus
1774 3082 2187 3131 commoditatibus
2209 3085 2356 3148 39113-
