2756 3926
1052 393 1156 441 DE
1195 392 1731 443 INCHAFFERY.
2330 397 2397 449 77

384 551 600 600 ceffiones
624 559 671 598 et
696 549 1076 598 confirmationes
1100 549 1375 603 monasterio
1390 549 1448 596 de
1469 547 1747 614 InchaffrYn
1770 557 1818 597 et
1842 548 2076 597 canonicis
2100 548 2275 598 ibidem
2301 550 2388 598 deo

384 638 694 687 seruientibus
716 647 766 687 et
788 637 1030 686 seruituris
1064 636 1205 685 factas
1236 637 1374 701 super
1407 635 1594 685 ecclefia
1616 636 1675 685 de
1698 636 1998 702 maddirnyn
2030 654 2138 686 cum
2170 638 2389 687 omnibus

387 726 685 791 pertinentijs
714 725 803 773 suis
828 735 875 773 et
900 725 1034 791 super
1057 734 1181 775 terra
1215 725 1273 772 de
1297 724 1595 790 maddirnyn
1625 741 1716 789 que
1744 724 1940 773 Abthan
1968 724 2140 773 dicitur
2174 735 2221 774 et
2255 727 2390 792 super

387 813 518 878 quita
541 811 816 861 clamatione
841 812 900 861 de
925 812 1058 861 Cane
1093 820 1143 860 et
1171 811 1420 861 Coneueth
1443 829 1535 876 que
1562 810 1715 860 clerici
1743 811 2104 861 Dunkeldenses
2133 813 2193 861 de
2224 813 2388 862 eadem

388 901 584 950 Abthan
602 901 862 966 antiquitus
885 900 1123 966 percipere
1141 901 1482 948 consueuerunt
1502 928 1513 938 ·
1532 909 1580 949 et
1598 917 1706 948 cum
1724 900 1784 948 de
1802 901 1911 965 jure
1930 918 2025 948 non
2049 902 2285 967 poffumus
2302 920 2391 950 nec

388 988 604 1037 volumus
636 1006 800 1037 eorum
834 988 1026 1037 honesto
1058 987 1178 1036 facto
1211 988 1379 1052 injuste
1413 987 1644 1036 contraire
1677 1005 1765 1036 nec
1799 987 1900 1053 pias
1928 1005 2089 1037 eorum
2121 988 2390 1037 collationes

388 1077 588 1141 pauperi
627 1076 900 1131 monasterio
940 1076 1081 1124 factas
1117 1075 1354 1124 infirmare
1389 1092 1475 1123 nos
1511 1075 1678 1124 eodem
1712 1075 1876 1140 spiritu
1909 1076 2097 1140 pietatis
2137 1077 2262 1126 ducti
2297 1095 2390 1142 quo

391 1176 438 1214 et
475 1165 541 1213 illi
581 1165 640 1214 de
677 1165 895 1214 consensu
935 1163 1129 1230 capituli
1169 1163 1354 1213 ecclesie
1394 1163 1743 1213 Dunkeldenfis
1777 1163 2052 1213 donationes
2087 1166 2394 1214 concessiones

394 1263 441 1302 et
473 1253 852 1302 confirmationes
884 1252 1004 1301 dic'te
1039 1251 1225 1301 ecclefie
1256 1260 1304 1300 et
1334 1251 1532 1317 predicti
1562 1250 1760 1299 Abthan
1788 1260 1836 1300 et
1868 1252 2179 1317 supraditstam
2213 1252 2392 1317 quitam

392 1340 718 1390 clamationem
754 1340 922 1389 eisdem
960 1339 1197 1388 canonicis
1226 1338 1368 1388 festas
1401 1347 1527 1387 ratas
1560 1347 1608 1387 et
1641 1348 1798 1404 gratas
1828 1339 2055 1389 habentes
2091 1341 2391 1389 concedimus

393 1439 441 1479 et
465 1430 801 1496 inperpetuum
825 1429 1160 1477 confirmamus
1183 1426 1308 1475 salua
1336 1427 1472 1475 nobis
1503 1435 1552 1476 et
1573 1427 1903 1476 succefl'oribus
1935 1428 2100 1477 nostris
2123 1446 2216 1478 vna
2242 1446 2396 1483 marca

393 1517 576 1584 argenti
602 1517 847 1566 annuatim
877 1516 937 1564 de
965 1515 1131 1564 eodem
1163 1515 1363 1564 Abthan
1390 1514 1697 1579 persoluenda
1727 1516 1789 1563 ad
1816 1516 1934 1565 duos
1969 1517 2195 1565 terminos
2229 1517 2397 1566 scilicet

394 1606 648 1655 medietate
697 1605 759 1653 ad
803 1604 1100 1653 Penticosten
1146 1613 1195 1653 et
1244 1604 1501 1653 medietate
1542 1604 1603 1652 ad
1638 1603 1807 1653 festum
1851 1604 1989 1653 sanffl
2039 1605 2237 1658 coartini
2284 1607 2395 1654 ficut

395 1694 706 1761 predictorum
755 1694 1075 1759 episcoporum
1120 1692 1370 1742 autenticis
1415 1693 1645 1742 contineri
1689 1693 1958 1742 inuenimus
2012 1723 2022 1733 ·
2079 1683 2398 1743 Concedimus

397 1783 537 1833 etiam
584 1782 744 1831 abbati
790 1792 838 1830 et
884 1781 1119 1830 canonicis
1154 1781 1349 1847 predicti
1388 1781 1645 1847 ‹nonasterij
1689 1792 1737 1831 et
1774 1799 1937 1830 eorum
1982 1783 2308 1832 succefl‘oribus
2349 1783 2399 1831 in

398 1880 682 1937 perpetuum
719 1879 770 1919 vt
805 1869 1063 1935 predictam
1100 1867 1335 1917 ecclesiam
1374 1868 1423 1915 in
1460 1868 1595 1916 bonis
1641 1868 1979 1934 temporalibus
2021 1869 2305 1917 omnimodis
2350 1870 2398 1917 in

403 1958 502 2007 vsos
537 1958 640 2007 suos
677 1956 890 2023 proprios
923 1974 1010 2022 pro
1050 1956 1128 2004 sue
1161 1955 1415 2004 voluntatis
1454 1955 1646 2004 arbitrio
1686 1966 1966 2005 conuertunt
2000 1956 2215 2005 faciendo
2247 1957 2398 2006 eidem

406 2046 590 2096 ecclefie
612 2064 696 2112 per
725 2046 965 2112 ydoneum
999 2044 1295 2111 capellanum
1326 2044 1399 2093 vel
1428 2046 1461 2092 fi
1493 2043 1744 2093 maluerint
1775 2062 1860 2111 per
1893 2044 2096 2110 aliquem
2124 2046 2401 2094 canonicum

405 2135 464 2183 de
487 2135 566 2183 suo
590 2133 783 2199 collegio
803 2132 1021 2181 deseruiri
1043 2131 1178 2180 saluis
1202 2131 1537 2198 episcopalibus
1571 2159 1583 2170 ·
1620 2132 1679 2179 In
1703 2133 1839 2196 cujus
1862 2133 1930 2180 rei
1953 2125 2270 2181 testimonium
2293 2133 2403 2181 huic

404 2223 572 2288 scripto
594 2220 791 2287 figillum
815 2221 1025 2268 nostrum
1042 2219 1341 2285 apposuimus
1367 2247 1378 2257 ·
1403 2219 1588 2268 Datum
1606 2219 1737 2284 apud
1761 2219 2053 2285 Tybermore
2071 2230 2239 2284 quarto
2258 2238 2406 2269 nonas

405 2308 607 2375 Augusti
643 2326 768 2356 anno
808 2306 987 2356 domini
1026 2306 1264 2355 millefimo
1299 2311 1402 2355 ccm⁰
1440 2307 1718 2372 sexagesimo
1759 2307 1901 2355 tertio
1935 2307 2237 2372 pontificatus
2268 2309 2409 2357 nostri

402 2415 529 2447 anno
574 2395 853 2445 duodecimo
889 2423 900 2434 ·
938 2394 1050 2461 Hijs
1090 2385 1283 2444 testibus
1321 2394 1536 2460 magistro
1574 2394 1785 2443 Roberto
1830 2395 1891 2443 de
1933 2395 2192 2461 Streuillyn
2230 2397 2409 2445 decano

404 2483 753 2534 Dunkeldenfis
787 2482 973 2532 ecclefie
1010 2510 1021 2521 ·
1052 2482 1267 2548 magistro
1291 2482 1478 2531 Thoma
1500 2482 1560 2531 de
1585 2482 1731 2531 Perth
1754 2482 1936 2531 officiali
1960 2484 2113 2532 nostro
2150 2510 2161 2522 ·
2191 2484 2406 2550 magistro

404 2572 564 2622 David
580 2571 683 2621 Bell
705 2571 930 2620 canonico
952 2570 1279 2620 Dunkeldenfi
1299 2598 1310 2609 ·
1326 2570 1518 2619 domino
1542 2570 1730 2619 Thoma
1753 2571 1979 2620 canonico
2003 2572 2063 2621 de
2092 2572 2248 2621 Insula
2263 2573 2402 2621 sancti

407 2660 638 2711 Columbo
664 2687 674 2699 ·
700 2657 935 2707 Willelmo
958 2658 1142 2707 uectore
1166 2657 1351 2707 ecclefie
1374 2657 1434 2707 de
1457 2658 1690 2725 COukyrsy
1713 2668 1761 2708 et
1782 2658 1886 2723 alijs
1907 2685 1919 2698 ·
