<?xml version="1.0" encoding="UTF-8"?>
<!DOCTYPE html PUBLIC "-//W3C//DTD XHTML 1.0 Transitional//EN"
    "http://www.w3.org/TR/xhtml1/DTD/xhtml1-transitional.dtd">
<html xmlns="http://www.w3.org/1999/xhtml" xml:lang="en" lang="en">
 <head>
  <title>
</title>
<meta http-equiv="Content-Type" content="text/html;charset=utf-8" />
  <meta name='ocr-system' content='tesseract 3.04.00' />
  <meta name='ocr-capabilities' content='ocr_page ocr_carea ocr_par ocr_line ocrx_word'/>
</head>
<body>
  <div class='ocr_page' id='page_1' title='image "./liberinsulemissa85inchuoft_0050.png"; bbox 0 0 2808 3926; ppageno 0'>
   <div class='ocr_carea' id='block_1_1' title="bbox 405 347 1580 389">
    <p class='ocr_par' dir='ltr' id='par_1_1' title="bbox 405 347 1580 389">
     <span class='ocr_line' id='line_1_1' title="bbox 405 347 1580 389; baseline -0.002 0"><span class='ocrx_word' id='word_1_1' title='bbox 405 363 489 389; x_wconf 80' lang='lat' dir='ltr'>xxx</span> <span class='ocrx_word' id='word_1_2' title='bbox 1219 347 1580 388; x_wconf 87' lang='lat' dir='ltr'>APPENDIX.</span> 
     </span>
    </p>
   </div>
   <div class='ocr_carea' id='block_1_2' title="bbox 360 487 2406 3089">
    <p class='ocr_par' dir='ltr' id='par_1_2' title="bbox 360 487 2406 3089">
     <span class='ocr_line' id='line_1_2' title="bbox 403 487 2403 555; baseline -0.001 -17"><span class='ocrx_word' id='word_1_3' title='bbox 403 489 507 538; x_wconf 91' lang='lat' dir='ltr'>bilis</span> <span class='ocrx_word' id='word_1_4' title='bbox 546 491 687 539; x_wconf 87' lang='lat' dir='ltr'>frater</span> <span class='ocrx_word' id='word_1_5' title='bbox 723 499 882 539; x_wconf 89' lang='lat' dir='ltr'>noster</span> <span class='ocrx_word' id='word_1_6' title='bbox 922 490 1186 555; x_wconf 80' lang='lat' dir='ltr'>Episcopus</span> <span class='ocrx_word' id='word_1_7' title='bbox 1225 487 1577 536; x_wconf 87' lang='lat' dir='ltr'>Dunblanensis</span> <span class='ocrx_word' id='word_1_8' title='bbox 1611 489 1661 535; x_wconf 91' lang='lat' dir='ltr'>in</span> <span class='ocrx_word' id='word_1_9' title='bbox 1694 498 1857 536; x_wconf 87' lang='lat' dir='ltr'>nostra</span> <span class='ocrx_word' id='word_1_10' title='bbox 1889 489 2136 553; x_wconf 87' lang='lat' dir='ltr'>proposuit</span> <span class='ocrx_word' id='word_1_11' title='bbox 2169 489 2403 554; x_wconf 76' lang='lat' dir='ltr'>presentia</span> 
     </span>
     <span class='ocr_line' id='line_1_3' title="bbox 402 573 2404 640; baseline -0.001 -15"><span class='ocrx_word' id='word_1_12' title='bbox 402 577 686 625; x_wconf 88' lang='lat' dir='ltr'>constitutus</span> <span class='ocrx_word' id='word_1_13' title='bbox 716 577 844 640; x_wconf 90' lang='lat' dir='ltr'>quod</span> <span class='ocrx_word' id='word_1_14' title='bbox 874 594 983 624; x_wconf 91' lang='lat' dir='ltr'>cum</span> <span class='ocrx_word' id='word_1_15' title='bbox 1002 575 1111 624; x_wconf 91' lang='lat' dir='ltr'>olim</span> <span class='ocrx_word' id='word_1_16' title='bbox 1135 574 1329 623; x_wconf 87' lang='lat' dir='ltr'>ecclesia</span> <span class='ocrx_word' id='word_1_17' title='bbox 1350 573 1708 622; x_wconf 86' lang='lat' dir='ltr'>Dunblanensis</span> <span class='ocrx_word' id='word_1_18' title='bbox 1738 591 1824 639; x_wconf 89' lang='lat' dir='ltr'>per</span> <span class='ocrx_word' id='word_1_19' title='bbox 1847 584 2040 623; x_wconf 87' lang='lat' dir='ltr'>centum</span> <span class='ocrx_word' id='word_1_20' title='bbox 2057 591 2207 623; x_wconf 85' lang='lat' dir='ltr'>annos</span> <span class='ocrx_word' id='word_1_21' title='bbox 2230 585 2278 624; x_wconf 89' lang='lat' dir='ltr'>et</span> <span class='ocrx_word' id='word_1_22' title='bbox 2302 592 2404 623; x_wconf 88' lang='lat' dir='ltr'>am-</span> 
     </span>
     <span class='ocr_line' id='line_1_4' title="bbox 402 661 2405 730; baseline -0.001 -17"><span class='ocrx_word' id='word_1_23' title='bbox 402 665 523 730; x_wconf 91' lang='lat' dir='ltr'>plius</span> <span class='ocrx_word' id='word_1_24' title='bbox 537 664 797 712; x_wconf 84' lang='lat' dir='ltr'>vacauisset</span> <span class='ocrx_word' id='word_1_25' title='bbox 812 685 828 721; x_wconf 80' lang='lat' dir='ltr'><em>l</em></span> <span class='ocrx_word' id='word_1_26' title='bbox 844 663 940 712; x_wconf 89' lang='lat' dir='ltr'>fere</span> <span class='ocrx_word' id='word_1_27' title='bbox 955 663 1112 711; x_wconf 84' lang='lat' dir='ltr'>omnia</span> <span class='ocrx_word' id='word_1_28' title='bbox 1125 663 1250 710; x_wconf 89' lang='lat' dir='ltr'>bona</span> <span class='ocrx_word' id='word_1_29' title='bbox 1264 663 1366 726; x_wconf 89' lang='lat' dir='ltr'>ejus</span> <span class='ocrx_word' id='word_1_30' title='bbox 1383 661 1559 710; x_wconf 86' lang='lat' dir='ltr'>fuerint</span> <span class='ocrx_word' id='word_1_31' title='bbox 1574 679 1602 709; x_wconf 85' lang='lat' dir='ltr'>a</span> <span class='ocrx_word' id='word_1_32' title='bbox 1618 661 1830 727; x_wconf 88' lang='lat' dir='ltr'>personis</span> <span class='ocrx_word' id='word_1_33' title='bbox 1845 661 2130 710; x_wconf 88' lang='lat' dir='ltr'>secularibus</span> <span class='ocrx_word' id='word_1_34' title='bbox 2145 672 2374 727; x_wconf 87' lang='lat' dir='ltr'>occupata</span> <span class='ocrx_word' id='word_1_35' title='bbox 2390 684 2405 717; x_wconf 75' lang='lat' dir='ltr'><em>s</em></span> 
     </span>
     <span class='ocr_line' id='line_1_5' title="bbox 401 748 2402 815; baseline -0.001 -17"><span class='ocrx_word' id='word_1_36' title='bbox 401 752 466 799; x_wconf 90' lang='lat' dir='ltr'>Et</span> <span class='ocrx_word' id='word_1_37' title='bbox 483 751 591 799; x_wconf 89' lang='lat' dir='ltr'>licet</span> <span class='ocrx_word' id='word_1_38' title='bbox 608 768 829 815; x_wconf 89' lang='lat' dir='ltr'>processu</span> <span class='ocrx_word' id='word_1_39' title='bbox 847 750 1070 813; x_wconf 89' lang='lat' dir='ltr'>temporis</span> <span class='ocrx_word' id='word_1_40' title='bbox 1087 749 1284 797; x_wconf 87' lang='lat' dir='ltr'>fuissent</span> <span class='ocrx_word' id='word_1_41' title='bbox 1302 749 1352 796; x_wconf 87' lang='lat' dir='ltr'>in</span> <span class='ocrx_word' id='word_1_42' title='bbox 1369 766 1425 797; x_wconf 88' lang='lat' dir='ltr'>ea</span> <span class='ocrx_word' id='word_1_43' title='bbox 1440 748 1602 813; x_wconf 86' lang='lat' dir='ltr'>plures</span> <span class='ocrx_word' id='word_1_44' title='bbox 1620 748 1847 814; x_wconf 85' lang='lat' dir='ltr'>Episcopi</span> <span class='ocrx_word' id='word_1_45' title='bbox 1869 748 2072 797; x_wconf 91' lang='lat' dir='ltr'>instituti</span> <span class='ocrx_word' id='word_1_46' title='bbox 2088 769 2105 806; x_wconf 75' lang='lat' dir='ltr'><em>s</em></span> <span class='ocrx_word' id='word_1_47' title='bbox 2121 766 2206 814; x_wconf 89' lang='lat' dir='ltr'>per</span> <span class='ocrx_word' id='word_1_48' title='bbox 2223 749 2402 814; x_wconf 81' lang='lat' dir='ltr'>simpli-</span> 
     </span>
     <span class='ocr_line' id='line_1_6' title="bbox 400 835 2402 886; baseline -0 -1"><span class='ocrx_word' id='word_1_49' title='bbox 400 839 591 886; x_wconf 87' lang='lat' dir='ltr'>citatem</span> <span class='ocrx_word' id='word_1_50' title='bbox 609 848 769 886; x_wconf 89' lang='lat' dir='ltr'>tamen</span> <span class='ocrx_word' id='word_1_51' title='bbox 788 846 835 884; x_wconf 91' lang='lat' dir='ltr'>et</span> <span class='ocrx_word' id='word_1_52' title='bbox 853 836 1081 884; x_wconf 88' lang='lat' dir='ltr'>incuriam</span> <span class='ocrx_word' id='word_1_53' title='bbox 1101 836 1360 884; x_wconf 89' lang='lat' dir='ltr'>eorundem</span> <span class='ocrx_word' id='word_1_54' title='bbox 1385 854 1480 884; x_wconf 92' lang='lat' dir='ltr'>non</span> <span class='ocrx_word' id='word_1_55' title='bbox 1505 835 1657 884; x_wconf 88' lang='lat' dir='ltr'>solum</span> <span class='ocrx_word' id='word_1_56' title='bbox 1674 845 1890 885; x_wconf 86' lang='lat' dir='ltr'>revocata</span> <span class='ocrx_word' id='word_1_57' title='bbox 1912 854 2010 885; x_wconf 92' lang='lat' dir='ltr'>non</span> <span class='ocrx_word' id='word_1_58' title='bbox 2032 836 2225 884; x_wconf 87' lang='lat' dir='ltr'>fuerunt</span> <span class='ocrx_word' id='word_1_59' title='bbox 2247 835 2402 884; x_wconf 86' lang='lat' dir='ltr'>taliter</span> 
     </span>
     <span class='ocr_line' id='line_1_7' title="bbox 399 922 2405 989; baseline 0 -17"><span class='ocrx_word' id='word_1_60' title='bbox 399 934 626 989; x_wconf 83' lang='lat' dir='ltr'>occupata</span> <span class='ocrx_word' id='word_1_61' title='bbox 647 940 812 972; x_wconf 88' lang='lat' dir='ltr'>verum</span> <span class='ocrx_word' id='word_1_62' title='bbox 839 923 982 971; x_wconf 86' lang='lat' dir='ltr'>etiam</span> <span class='ocrx_word' id='word_1_63' title='bbox 1004 922 1198 988; x_wconf 83' lang='lat' dir='ltr'>reliquie</span> <span class='ocrx_word' id='word_1_64' title='bbox 1222 941 1314 987; x_wconf 90' lang='lat' dir='ltr'>que</span> <span class='ocrx_word' id='word_1_65' title='bbox 1338 923 1671 989; x_wconf 84' lang='lat' dir='ltr'>occupantium</span> <span class='ocrx_word' id='word_1_66' title='bbox 1706 941 1875 971; x_wconf 90' lang='lat' dir='ltr'>manus</span> <span class='ocrx_word' id='word_1_67' title='bbox 1908 924 2167 988; x_wconf 83' lang='lat' dir='ltr'>effugerant</span> <span class='ocrx_word' id='word_1_68' title='bbox 2202 923 2405 972; x_wconf 83' lang='lat' dir='ltr'>alienate</span> 
     </span>
     <span class='ocr_line' id='line_1_8' title="bbox 398 1010 2403 1077; baseline 0 -19"><span class='ocrx_word' id='word_1_69' title='bbox 398 1022 506 1059; x_wconf 88' lang='lat' dir='ltr'>sunt</span> <span class='ocrx_word' id='word_1_70' title='bbox 529 1011 624 1059; x_wconf 88' lang='lat' dir='ltr'>fere</span> <span class='ocrx_word' id='word_1_71' title='bbox 650 1011 836 1075; x_wconf 90' lang='lat' dir='ltr'>penitus</span> <span class='ocrx_word' id='word_1_72' title='bbox 860 1021 907 1060; x_wconf 89' lang='lat' dir='ltr'>et</span> <span class='ocrx_word' id='word_1_73' title='bbox 931 1021 1209 1075; x_wconf 81' lang='lat' dir='ltr'>consumpte</span> <span class='ocrx_word' id='word_1_74' title='bbox 1229 1032 1245 1068; x_wconf 86' lang='lat' dir='ltr'><em>l</em></span> <span class='ocrx_word' id='word_1_75' title='bbox 1264 1020 1458 1077; x_wconf 89' lang='lat' dir='ltr'>propter</span> <span class='ocrx_word' id='word_1_76' title='bbox 1481 1011 1609 1076; x_wconf 91' lang='lat' dir='ltr'>quod</span> <span class='ocrx_word' id='word_1_77' title='bbox 1632 1010 1788 1059; x_wconf 87' lang='lat' dir='ltr'>nullus</span> <span class='ocrx_word' id='word_1_78' title='bbox 1805 1011 2018 1077; x_wconf 84' lang='lat' dir='ltr'><strong>ydoneus</strong></span> <span class='ocrx_word' id='word_1_79' title='bbox 2036 1011 2199 1059; x_wconf 90' lang='lat' dir='ltr'>induci</span> <span class='ocrx_word' id='word_1_80' title='bbox 2216 1021 2403 1077; x_wconf 86' lang='lat' dir='ltr'>poterat</span> 
     </span>
     <span class='ocr_line' id='line_1_9' title="bbox 396 1099 2406 1165; baseline 0 -19"><span class='ocrx_word' id='word_1_81' title='bbox 396 1100 456 1146; x_wconf 88' lang='lat' dir='ltr'>ad</span> <span class='ocrx_word' id='word_1_82' title='bbox 487 1116 605 1146; x_wconf 91' lang='lat' dir='ltr'>onus</span> <span class='ocrx_word' id='word_1_83' title='bbox 641 1099 915 1163; x_wconf 88' lang='lat' dir='ltr'>hujusmodi</span> <span class='ocrx_word' id='word_1_84' title='bbox 949 1101 1287 1148; x_wconf 90' lang='lat' dir='ltr'>assumendum</span> <span class='ocrx_word' id='word_1_85' title='bbox 1310 1121 1327 1156; x_wconf 86' lang='lat' dir='ltr'>l</span> <span class='ocrx_word' id='word_1_86' title='bbox 1351 1117 1473 1165; x_wconf 89' lang='lat' dir='ltr'>pene</span> <span class='ocrx_word' id='word_1_87' title='bbox 1509 1117 1595 1165; x_wconf 89' lang='lat' dir='ltr'>per</span> <span class='ocrx_word' id='word_1_88' title='bbox 1630 1100 1792 1148; x_wconf 90' lang='lat' dir='ltr'>decem</span> <span class='ocrx_word' id='word_1_89' title='bbox 1826 1117 1974 1148; x_wconf 86' lang='lat' dir='ltr'>annos</span> <span class='ocrx_word' id='word_1_90' title='bbox 2008 1100 2175 1149; x_wconf 89' lang='lat' dir='ltr'>eadem</span> <span class='ocrx_word' id='word_1_91' title='bbox 2213 1099 2406 1148; x_wconf 90' lang='lat' dir='ltr'>ecclesia</span> 
     </span>
     <span class='ocr_line' id='line_1_10' title="bbox 396 1186 2404 1253; baseline 0 -19"><span class='ocrx_word' id='word_1_92' title='bbox 396 1187 590 1236; x_wconf 88' lang='lat' dir='ltr'>interim</span> <span class='ocrx_word' id='word_1_93' title='bbox 607 1187 806 1252; x_wconf 89' lang='lat' dir='ltr'>pastoris</span> <span class='ocrx_word' id='word_1_94' title='bbox 824 1186 990 1235; x_wconf 89' lang='lat' dir='ltr'>solatio</span> <span class='ocrx_word' id='word_1_95' title='bbox 1009 1187 1234 1236; x_wconf 88' lang='lat' dir='ltr'>destituta</span> <span class='ocrx_word' id='word_1_96' title='bbox 1259 1215 1270 1226; x_wconf 86' lang='lat'><strong>·</strong></span> <span class='ocrx_word' id='word_1_97' title='bbox 1297 1187 1516 1252; x_wconf 80' lang='lat' dir='ltr'><strong>Cumque</strong></span> <span class='ocrx_word' id='word_1_98' title='bbox 1535 1204 1622 1235; x_wconf 90' lang='lat' dir='ltr'>nos</span> <span class='ocrx_word' id='word_1_99' title='bbox 1640 1188 1944 1253; x_wconf 88' lang='lat' dir='ltr'>postmodum</span> <span class='ocrx_word' id='word_1_100' title='bbox 1962 1186 2194 1236; x_wconf 71' lang='lat' dir='ltr'>intellecto</span> <span class='ocrx_word' id='word_1_101' title='bbox 2212 1187 2404 1235; x_wconf 88' lang='lat' dir='ltr'>misera-</span> 
     </span>
     <span class='ocr_line' id='line_1_11' title="bbox 394 1273 2404 1340; baseline 0 -18"><span class='ocrx_word' id='word_1_102' title='bbox 394 1273 476 1322; x_wconf 91' lang='lat' dir='ltr'>bili</span> <span class='ocrx_word' id='word_1_103' title='bbox 503 1283 632 1323; x_wconf 88' lang='lat' dir='ltr'>statu</span> <span class='ocrx_word' id='word_1_104' title='bbox 656 1276 756 1340; x_wconf 84' lang='lat' dir='ltr'>ejus</span> <span class='ocrx_word' id='word_1_105' title='bbox 780 1296 796 1331; x_wconf 82' lang='lat' dir='ltr'>l</span> <span class='ocrx_word' id='word_1_106' title='bbox 820 1273 1163 1322; x_wconf 87' lang='lat' dir='ltr'>venerabilibus</span> <span class='ocrx_word' id='word_1_107' title='bbox 1185 1274 1406 1323; x_wconf 84' lang='lat' dir='ltr'>fratribus</span> <span class='ocrx_word' id='word_1_108' title='bbox 1424 1274 1596 1322; x_wconf 86' lang='lat' dir='ltr'>nostris</span> <span class='ocrx_word' id='word_1_109' title='bbox 1623 1274 1783 1323; x_wconf 72' lang='lat' dir='ltr'>Sancti</span> <span class='ocrx_word' id='word_1_110' title='bbox 1806 1275 2004 1323; x_wconf 89' lang='lat' dir='ltr'>Andree</span> <span class='ocrx_word' id='word_1_111' title='bbox 2027 1285 2074 1323; x_wconf 87' lang='lat' dir='ltr'>et</span> <span class='ocrx_word' id='word_1_112' title='bbox 2098 1274 2404 1323; x_wconf 88' lang='lat' dir='ltr'>Brechinensi</span> 
     </span>
     <span class='ocr_line' id='line_1_12' title="bbox 395 1356 2403 1428; baseline 0 -19"><span class='ocrx_word' id='word_1_113' title='bbox 395 1362 643 1427; x_wconf 92' lang='lat' dir='ltr'>Episcopis</span> <span class='ocrx_word' id='word_1_114' title='bbox 680 1380 734 1410; x_wconf 86' lang='lat' dir='ltr'>ac</span> <span class='ocrx_word' id='word_1_115' title='bbox 779 1362 868 1410; x_wconf 85' lang='lat' dir='ltr'>tibi</span> <span class='ocrx_word' id='word_1_116' title='bbox 901 1362 1044 1410; x_wconf 85' lang='lat' dir='ltr'>frater</span> <span class='ocrx_word' id='word_1_117' title='bbox 1077 1361 1432 1411; x_wconf 87' lang='lat' dir='ltr'>Dunkeldensis</span> <span class='ocrx_word' id='word_1_118' title='bbox 1466 1356 1780 1427; x_wconf 83' lang='lat' dir='ltr'>provisionem</span> <span class='ocrx_word' id='word_1_119' title='bbox 1820 1362 1966 1428; x_wconf 88' lang='lat' dir='ltr'>ipsius</span> <span class='ocrx_word' id='word_1_120' title='bbox 2012 1362 2233 1410; x_wconf 86' lang='lat' dir='ltr'>duximus</span> <span class='ocrx_word' id='word_1_121' title='bbox 2274 1380 2403 1410; x_wconf 89' lang='lat' dir='ltr'>com—</span> 
     </span>
     <span class='ocr_line' id='line_1_13' title="bbox 395 1437 2402 1515; baseline 0 -18"><span class='ocrx_word' id='word_1_122' title='bbox 395 1437 677 1498; x_wconf 80' lang='lat' dir='ltr'>mittendam</span> <span class='ocrx_word' id='word_1_123' title='bbox 719 1472 735 1506; x_wconf 69' lang='grc' dir='ltr'><em>Ι</em></span> <span class='ocrx_word' id='word_1_124' title='bbox 776 1450 853 1497; x_wconf 93' lang='lat' dir='ltr'>Tu</span> <span class='ocrx_word' id='word_1_125' title='bbox 892 1459 938 1498; x_wconf 87' lang='lat' dir='ltr'>et</span> <span class='ocrx_word' id='word_1_126' title='bbox 973 1450 1115 1498; x_wconf 88' lang='lat' dir='ltr'>iidem</span> <span class='ocrx_word' id='word_1_127' title='bbox 1149 1449 1376 1515; x_wconf 83' lang='lat' dir='ltr'>Episcopi</span> <span class='ocrx_word' id='word_1_128' title='bbox 1409 1458 1654 1515; x_wconf 82' lang='lat' dir='ltr'>sperantes</span> <span class='ocrx_word' id='word_1_129' title='bbox 1689 1450 1859 1498; x_wconf 65' lang='lat' dir='ltr'>di&amp;am</span> <span class='ocrx_word' id='word_1_130' title='bbox 1893 1449 2156 1499; x_wconf 80' lang='lat' dir='ltr'>Ecclesiam</span> <span class='ocrx_word' id='word_1_131' title='bbox 2186 1467 2272 1515; x_wconf 89' lang='lat' dir='ltr'>per</span> <span class='ocrx_word' id='word_1_132' title='bbox 2302 1452 2402 1514; x_wconf 87' lang='lat' dir='ltr'>jam</span> 
     </span>
     <span class='ocr_line' id='line_1_14' title="bbox 394 1536 2403 1603; baseline 0 -19"><span class='ocrx_word' id='word_1_133' title='bbox 394 1537 574 1585; x_wconf 72' lang='lat' dir='ltr'>dictum</span> <span class='ocrx_word' id='word_1_134' title='bbox 605 1537 895 1603; x_wconf 89' lang='lat' dir='ltr'>Episcopum</span> <span class='ocrx_word' id='word_1_135' title='bbox 927 1555 1065 1603; x_wconf 89' lang='lat' dir='ltr'>posse</span> <span class='ocrx_word' id='word_1_136' title='bbox 1097 1537 1157 1586; x_wconf 88' lang='lat' dir='ltr'>de</span> <span class='ocrx_word' id='word_1_137' title='bbox 1190 1536 1297 1586; x_wconf 89' lang='lat' dir='ltr'>lacu</span> <span class='ocrx_word' id='word_1_138' title='bbox 1327 1537 1512 1586; x_wconf 88' lang='lat' dir='ltr'>miserie</span> <span class='ocrx_word' id='word_1_139' title='bbox 1549 1537 1782 1603; x_wconf 86' lang='lat' dir='ltr'>respirare</span> <span class='ocrx_word' id='word_1_140' title='bbox 1817 1538 1972 1602; x_wconf 86' lang='lat' dir='ltr'>ipsum</span> <span class='ocrx_word' id='word_1_141' title='bbox 2006 1538 2159 1586; x_wconf 90' lang='lat' dir='ltr'>eidem</span> <span class='ocrx_word' id='word_1_142' title='bbox 2190 1537 2403 1585; x_wconf 90' lang='lat' dir='ltr'>Ecclesie</span> 
     </span>
     <span class='ocr_line' id='line_1_15' title="bbox 393 1623 2402 1690; baseline 0.001 -20"><span class='ocrx_word' id='word_1_143' title='bbox 393 1623 655 1688; x_wconf 88' lang='lat' dir='ltr'>prefecistis</span> <span class='ocrx_word' id='word_1_144' title='bbox 679 1646 696 1681; x_wconf 75' lang='lat' dir='ltr'><em>s</em></span> <span class='ocrx_word' id='word_1_145' title='bbox 723 1642 865 1689; x_wconf 89' lang='lat' dir='ltr'>quam</span> <span class='ocrx_word' id='word_1_146' title='bbox 895 1624 1188 1690; x_wconf 54' lang='lat' dir='ltr'>supradictus</span> <span class='ocrx_word' id='word_1_147' title='bbox 1212 1624 1477 1690; x_wconf 86' lang='lat' dir='ltr'>Episcopus</span> <span class='ocrx_word' id='word_1_148' title='bbox 1508 1624 1689 1673; x_wconf 88' lang='lat' dir='ltr'>invenit</span> <span class='ocrx_word' id='word_1_149' title='bbox 1716 1625 1833 1673; x_wconf 87' lang='lat' dir='ltr'>adeo</span> <span class='ocrx_word' id='word_1_150' title='bbox 1862 1624 2118 1674; x_wconf 86' lang='lat' dir='ltr'>desolatam</span> <span class='ocrx_word' id='word_1_151' title='bbox 2149 1625 2276 1690; x_wconf 86' lang='lat' dir='ltr'>quod</span> <span class='ocrx_word' id='word_1_152' title='bbox 2307 1642 2402 1673; x_wconf 92' lang='lat' dir='ltr'>non</span> 
     </span>
     <span class='ocr_line' id='line_1_16' title="bbox 393 1710 2397 1777; baseline 0.001 -20"><span class='ocrx_word' id='word_1_153' title='bbox 393 1711 602 1776; x_wconf 88' lang='lat' dir='ltr'>repperit</span> <span class='ocrx_word' id='word_1_154' title='bbox 629 1711 712 1759; x_wconf 91' lang='lat' dir='ltr'>ubi</span> <span class='ocrx_word' id='word_1_155' title='bbox 739 1721 897 1776; x_wconf 89' lang='lat' dir='ltr'>posset</span> <span class='ocrx_word' id='word_1_156' title='bbox 925 1719 1068 1777; x_wconf 89' lang='lat' dir='ltr'>caput</span> <span class='ocrx_word' id='word_1_157' title='bbox 1097 1729 1234 1760; x_wconf 89' lang='lat' dir='ltr'>suum</span> <span class='ocrx_word' id='word_1_158' title='bbox 1262 1712 1312 1759; x_wconf 91' lang='lat' dir='ltr'>in</span> <span class='ocrx_word' id='word_1_159' title='bbox 1342 1711 1614 1760; x_wconf 82' lang='lat' dir='ltr'>Cathedrali</span> <span class='ocrx_word' id='word_1_160' title='bbox 1641 1710 1857 1760; x_wconf 88' lang='lat' dir='ltr'>Ecclesia</span> <span class='ocrx_word' id='word_1_161' title='bbox 1882 1711 2111 1761; x_wconf 82' lang='lat' dir='ltr'>reclinare</span> <span class='ocrx_word' id='word_1_162' title='bbox 2149 1741 2159 1751; x_wconf 90' lang='lat'><strong>·</strong></span> <span class='ocrx_word' id='word_1_163' title='bbox 2195 1712 2397 1761; x_wconf 92' lang='lat' dir='ltr'>Nullum</span> 
     </span>
     <span class='ocr_line' id='line_1_17' title="bbox 395 1798 2401 1866; baseline 0 -19"><span class='ocrx_word' id='word_1_164' title='bbox 395 1798 644 1863; x_wconf 87' lang='lat' dir='ltr'>collegium</span> <span class='ocrx_word' id='word_1_165' title='bbox 663 1808 762 1847; x_wconf 91' lang='lat' dir='ltr'>erat</span> <span class='ocrx_word' id='word_1_166' title='bbox 786 1799 852 1847; x_wconf 91' lang='lat' dir='ltr'>ibi</span> <span class='ocrx_word' id='word_1_167' title='bbox 872 1821 888 1857; x_wconf 83' lang='lat' dir='ltr'><em>l</em></span> <span class='ocrx_word' id='word_1_168' title='bbox 908 1800 990 1848; x_wconf 89' lang='lat' dir='ltr'>sed</span> <span class='ocrx_word' id='word_1_169' title='bbox 1007 1800 1057 1847; x_wconf 93' lang='lat' dir='ltr'>in</span> <span class='ocrx_word' id='word_1_170' title='bbox 1075 1801 1178 1866; x_wconf 86' lang='lat' dir='ltr'>ipsa</span> <span class='ocrx_word' id='word_1_171' title='bbox 1194 1799 1408 1848; x_wconf 87' lang='lat' dir='ltr'>Ecclesia</span> <span class='ocrx_word' id='word_1_172' title='bbox 1426 1800 1720 1866; x_wconf 88' lang='lat' dir='ltr'>discooperta</span> <span class='ocrx_word' id='word_1_173' title='bbox 1738 1800 1931 1865; x_wconf 85' lang='lat' dir='ltr'>quidam</span> <span class='ocrx_word' id='word_1_174' title='bbox 1950 1800 2218 1866; x_wconf 87' lang='lat' dir='ltr'>capellanus</span> <span class='ocrx_word' id='word_1_175' title='bbox 2235 1801 2401 1849; x_wconf 87' lang='lat' dir='ltr'>ruralis</span> 
     </span>
     <span class='ocr_line' id='line_1_18' title="bbox 395 1885 2401 1953; baseline 0.001 -19"><span class='ocrx_word' id='word_1_176' title='bbox 395 1886 553 1935; x_wconf 85' lang='lat' dir='ltr'>divina</span> <span class='ocrx_word' id='word_1_177' title='bbox 568 1886 719 1934; x_wconf 87' lang='lat' dir='ltr'>officia</span> <span class='ocrx_word' id='word_1_178' title='bbox 735 1886 996 1936; x_wconf 88' lang='lat' dir='ltr'>celebrabat</span> <span class='ocrx_word' id='word_1_179' title='bbox 1023 1916 1032 1925; x_wconf 94' lang='lat'><strong>·</strong></span> <span class='ocrx_word' id='word_1_180' title='bbox 1061 1887 1217 1953; x_wconf 88' lang='lat' dir='ltr'>Ipsius</span> <span class='ocrx_word' id='word_1_181' title='bbox 1233 1905 1419 1952; x_wconf 89' lang='lat' dir='ltr'>quoque</span> <span class='ocrx_word' id='word_1_182' title='bbox 1437 1887 1663 1953; x_wconf 87' lang='lat' dir='ltr'>Episcopi</span> <span class='ocrx_word' id='word_1_183' title='bbox 1680 1885 1892 1936; x_wconf 83' lang='lat' dir='ltr'>redditus</span> <span class='ocrx_word' id='word_1_184' title='bbox 1911 1896 2022 1936; x_wconf 89' lang='lat' dir='ltr'>sunt</span> <span class='ocrx_word' id='word_1_185' title='bbox 2037 1887 2154 1936; x_wconf 89' lang='lat' dir='ltr'>adeo</span> <span class='ocrx_word' id='word_1_186' title='bbox 2170 1900 2335 1936; x_wconf 88' lang='lat' dir='ltr'>tenues</span> <span class='ocrx_word' id='word_1_187' title='bbox 2355 1902 2401 1936; x_wconf 89' lang='lat' dir='ltr'>et</span> 
     </span>
     <span class='ocr_line' id='line_1_19' title="bbox 397 1975 2402 2041; baseline 0 -18"><span class='ocrx_word' id='word_1_188' title='bbox 397 1975 539 2024; x_wconf 87' lang='lat' dir='ltr'>exiles</span> <span class='ocrx_word' id='word_1_189' title='bbox 563 1975 691 2040; x_wconf 92' lang='lat' dir='ltr'>quod</span> <span class='ocrx_word' id='word_1_190' title='bbox 714 1975 792 2022; x_wconf 86' lang='lat' dir='ltr'>vix</span> <span class='ocrx_word' id='word_1_191' title='bbox 814 1993 899 2041; x_wconf 90' lang='lat' dir='ltr'>per</span> <span class='ocrx_word' id='word_1_192' title='bbox 922 1975 1170 2022; x_wconf 90' lang='lat' dir='ltr'>dimidium</span> <span class='ocrx_word' id='word_1_193' title='bbox 1193 1975 1306 2023; x_wconf 91' lang='lat' dir='ltr'>anni</span> <span class='ocrx_word' id='word_1_194' title='bbox 1329 1984 1484 2039; x_wconf 90' lang='lat' dir='ltr'>potest</span> <span class='ocrx_word' id='word_1_195' title='bbox 1516 1975 1688 2024; x_wconf 82' lang='lat' dir='ltr'>exinde</span> <span class='ocrx_word' id='word_1_196' title='bbox 1717 1993 1921 2041; x_wconf 84' lang='lat' dir='ltr'>congrue</span> <span class='ocrx_word' id='word_1_197' title='bbox 1953 1975 2206 2024; x_wconf 86' lang='lat' dir='ltr'>sustentari</span> <span class='ocrx_word' id='word_1_198' title='bbox 2230 2001 2243 2014; x_wconf 88' lang='lat'><strong>·</strong></span> <span class='ocrx_word' id='word_1_199' title='bbox 2270 1975 2402 2032; x_wconf 75' lang='lat' dir='ltr'>Quia</span> 
     </span>
     <span class='ocr_line' id='line_1_20' title="bbox 394 2061 2399 2126; baseline 0.001 -17"><span class='ocrx_word' id='word_1_200' title='bbox 394 2080 503 2110; x_wconf 87' lang='lat' dir='ltr'>vero</span> <span class='ocrx_word' id='word_1_201' title='bbox 518 2062 742 2111; x_wconf 85' lang='lat' dir='ltr'>instantia</span> <span class='ocrx_word' id='word_1_202' title='bbox 760 2071 919 2110; x_wconf 88' lang='lat' dir='ltr'>nostra</span> <span class='ocrx_word' id='word_1_203' title='bbox 937 2061 1210 2126; x_wconf 88' lang='lat' dir='ltr'>quotidiana</span> <span class='ocrx_word' id='word_1_204' title='bbox 1228 2072 1298 2110; x_wconf 88' lang='lat' dir='ltr'>est</span> <span class='ocrx_word' id='word_1_205' title='bbox 1317 2062 1528 2110; x_wconf 90' lang='lat' dir='ltr'>omnium</span> <span class='ocrx_word' id='word_1_206' title='bbox 1548 2061 1847 2110; x_wconf 86' lang='lat' dir='ltr'>ecclesiarum</span> <span class='ocrx_word' id='word_1_207' title='bbox 1872 2061 2119 2111; x_wconf 87' lang='lat' dir='ltr'>solicitudo</span> <span class='ocrx_word' id='word_1_208' title='bbox 2143 2063 2368 2111; x_wconf 89' lang='lat' dir='ltr'>continua</span> <span class='ocrx_word' id='word_1_209' title='bbox 2384 2086 2399 2119; x_wconf 78' lang='lat' dir='ltr'><em>s</em></span> 
     </span>
     <span class='ocr_line' id='line_1_21' title="bbox 392 2149 2400 2215; baseline 0.001 -19"><span class='ocrx_word' id='word_1_210' title='bbox 392 2150 675 2198; x_wconf 82' lang='lat' dir='ltr'>fraternitati</span> <span class='ocrx_word' id='word_1_211' title='bbox 711 2159 863 2198; x_wconf 87' lang='lat' dir='ltr'>vestre</span> <span class='ocrx_word' id='word_1_212' title='bbox 899 2167 984 2215; x_wconf 89' lang='lat' dir='ltr'>per</span> <span class='ocrx_word' id='word_1_213' title='bbox 1018 2149 1298 2213; x_wconf 89' lang='lat' dir='ltr'>Apostolica</span> <span class='ocrx_word' id='word_1_214' title='bbox 1328 2149 1501 2214; x_wconf 88' lang='lat' dir='ltr'>scripta</span> <span class='ocrx_word' id='word_1_215' title='bbox 1531 2149 1810 2198; x_wconf 89' lang='lat' dir='ltr'>mandamus</span> <span class='ocrx_word' id='word_1_216' title='bbox 1843 2158 2075 2214; x_wconf 91' lang='lat' dir='ltr'>quatenus</span> <span class='ocrx_word' id='word_1_217' title='bbox 2110 2151 2171 2198; x_wconf 88' lang='lat' dir='ltr'>ad</span> <span class='ocrx_word' id='word_1_218' title='bbox 2202 2150 2400 2199; x_wconf 90' lang='lat' dir='ltr'>eandem</span> 
     </span>
     <span class='ocr_line' id='line_1_22' title="bbox 395 2237 2401 2303; baseline 0 -17"><span class='ocrx_word' id='word_1_219' title='bbox 395 2237 633 2287; x_wconf 89' lang='lat' dir='ltr'>ecclesiam</span> <span class='ocrx_word' id='word_1_220' title='bbox 653 2237 956 2302; x_wconf 88' lang='lat' dir='ltr'>personaliter</span> <span class='ocrx_word' id='word_1_221' title='bbox 975 2237 1251 2286; x_wconf 90' lang='lat' dir='ltr'>accedentes</span> <span class='ocrx_word' id='word_1_222' title='bbox 1261 2259 1276 2294; x_wconf 81' lang='lat' dir='ltr'>l</span> <span class='ocrx_word' id='word_1_223' title='bbox 1287 2238 1326 2286; x_wconf 90' lang='lat' dir='ltr'>si</span> <span class='ocrx_word' id='word_1_224' title='bbox 1348 2255 1450 2285; x_wconf 90' lang='lat' dir='ltr'>rem</span> <span class='ocrx_word' id='word_1_225' title='bbox 1469 2237 1740 2287; x_wconf 89' lang='lat' dir='ltr'>inveneritis</span> <span class='ocrx_word' id='word_1_226' title='bbox 1759 2238 1825 2286; x_wconf 85' lang='lat' dir='ltr'>ita</span> <span class='ocrx_word' id='word_1_227' title='bbox 1840 2255 1940 2286; x_wconf 87' lang='lat' dir='ltr'>esse</span> <span class='ocrx_word' id='word_1_228' title='bbox 1955 2259 1972 2294; x_wconf 80' lang='lat' dir='ltr'>l</span> <span class='ocrx_word' id='word_1_229' title='bbox 1987 2247 2204 2301; x_wconf 89' lang='lat' dir='ltr'>quartam</span> <span class='ocrx_word' id='word_1_230' title='bbox 2218 2247 2401 2303; x_wconf 89' lang='lat' dir='ltr'>partem</span> 
     </span>
     <span class='ocr_line' id='line_1_23' title="bbox 397 2324 2401 2375; baseline 0 -2"><span class='ocrx_word' id='word_1_231' title='bbox 397 2327 683 2375; x_wconf 89' lang='lat' dir='ltr'>decimarum</span> <span class='ocrx_word' id='word_1_232' title='bbox 717 2326 929 2375; x_wconf 91' lang='lat' dir='ltr'>omnium</span> <span class='ocrx_word' id='word_1_233' title='bbox 952 2324 1270 2374; x_wconf 87' lang='lat' dir='ltr'>Ecclesiarum</span> <span class='ocrx_word' id='word_1_234' title='bbox 1296 2325 1641 2374; x_wconf 87' lang='lat' dir='ltr'>Parochialium</span> <span class='ocrx_word' id='word_1_235' title='bbox 1664 2325 2015 2374; x_wconf 87' lang='lat' dir='ltr'>Dunblanensis</span> <span class='ocrx_word' id='word_1_236' title='bbox 2039 2326 2234 2374; x_wconf 85' lang='lat' dir='ltr'>diocesis</span> <span class='ocrx_word' id='word_1_237' title='bbox 2257 2326 2401 2374; x_wconf 87' lang='lat' dir='ltr'>facia-</span> 
     </span>
     <span class='ocr_line' id='line_1_24' title="bbox 367 2411 2399 2478; baseline -0 -16"><span class='ocrx_word' id='word_1_238' title='bbox 367 2441 371 2447; x_wconf 81' lang='lat'><strong>·</strong></span> <span class='ocrx_word' id='word_1_239' title='bbox 397 2415 457 2462; x_wconf 85' lang='lat' dir='ltr'>tis</span> <span class='ocrx_word' id='word_1_240' title='bbox 470 2415 535 2471; x_wconf 77' lang='lat' dir='ltr'>ssi</span> <span class='ocrx_word' id='word_1_241' title='bbox 558 2416 735 2478; x_wconf 89' lang='lat' dir='ltr'>absque</span> <span class='ocrx_word' id='word_1_242' title='bbox 751 2414 881 2477; x_wconf 85' lang='lat' dir='ltr'>gravi</span> <span class='ocrx_word' id='word_1_243' title='bbox 896 2411 1115 2461; x_wconf 87' lang='lat' dir='ltr'>scandalo</span> <span class='ocrx_word' id='word_1_244' title='bbox 1129 2413 1233 2460; x_wconf 90' lang='lat' dir='ltr'>fieri</span> <span class='ocrx_word' id='word_1_245' title='bbox 1255 2412 1427 2478; x_wconf 90' lang='lat' dir='ltr'>poterit</span> <span class='ocrx_word' id='word_1_246' title='bbox 1443 2434 1459 2469; x_wconf 86' lang='lat' dir='ltr'><em>l</em></span> <span class='ocrx_word' id='word_1_247' title='bbox 1478 2412 1659 2478; x_wconf 86' lang='lat' dir='ltr'>prefato</span> <span class='ocrx_word' id='word_1_248' title='bbox 1677 2413 1916 2478; x_wconf 87' lang='lat' dir='ltr'>Episcopo</span> <span class='ocrx_word' id='word_1_249' title='bbox 1947 2413 2174 2478; x_wconf 84' lang='lat' dir='ltr'>assignari</span> <span class='ocrx_word' id='word_1_250' title='bbox 2191 2433 2207 2468; x_wconf 86' lang='lat' dir='ltr'><em>l</em></span> <span class='ocrx_word' id='word_1_251' title='bbox 2223 2422 2278 2461; x_wconf 90' lang='lat' dir='ltr'>ut</span> <span class='ocrx_word' id='word_1_252' title='bbox 2301 2413 2399 2476; x_wconf 87' lang='lat' dir='ltr'>ipse</span> 
     </span>
     <span class='ocr_line' id='line_1_25' title="bbox 398 2498 2393 2565; baseline 0.001 -18"><span class='ocrx_word' id='word_1_253' title='bbox 398 2502 457 2548; x_wconf 89' lang='lat' dir='ltr'>de</span> <span class='ocrx_word' id='word_1_254' title='bbox 480 2509 633 2548; x_wconf 87' lang='lat' dir='ltr'>vestro</span> <span class='ocrx_word' id='word_1_255' title='bbox 657 2508 704 2548; x_wconf 89' lang='lat' dir='ltr'>et</span> <span class='ocrx_word' id='word_1_256' title='bbox 725 2501 955 2548; x_wconf 88' lang='lat' dir='ltr'>bonorum</span> <span class='ocrx_word' id='word_1_257' title='bbox 978 2500 1184 2547; x_wconf 89' lang='lat' dir='ltr'>virorum</span> <span class='ocrx_word' id='word_1_258' title='bbox 1214 2498 1405 2548; x_wconf 86' lang='lat' dir='ltr'>consilio</span> <span class='ocrx_word' id='word_1_259' title='bbox 1437 2520 1453 2555; x_wconf 85' lang='lat' dir='ltr'>l</span> <span class='ocrx_word' id='word_1_260' title='bbox 1485 2509 1719 2547; x_wconf 87' lang='lat' dir='ltr'>reservata</span> <span class='ocrx_word' id='word_1_261' title='bbox 1749 2499 1837 2547; x_wconf 92' lang='lat' dir='ltr'>sibi</span> <span class='ocrx_word' id='word_1_262' title='bbox 1864 2500 1924 2548; x_wconf 88' lang='lat' dir='ltr'>de</span> <span class='ocrx_word' id='word_1_263' title='bbox 1953 2500 2068 2565; x_wconf 91' lang='lat' dir='ltr'>ipsis</span> <span class='ocrx_word' id='word_1_264' title='bbox 2098 2518 2182 2565; x_wconf 92' lang='lat' dir='ltr'>pro</span> <span class='ocrx_word' id='word_1_265' title='bbox 2207 2508 2393 2549; x_wconf 88' lang='lat' dir='ltr'>susten-</span> 
     </span>
     <span class='ocr_line' id='line_1_26' title="bbox 398 2585 2399 2652; baseline -0.001 -16"><span class='ocrx_word' id='word_1_266' title='bbox 398 2589 576 2636; x_wconf 86' lang='lat' dir='ltr'>tatione</span> <span class='ocrx_word' id='word_1_267' title='bbox 600 2605 685 2636; x_wconf 92' lang='lat' dir='ltr'>sua</span> <span class='ocrx_word' id='word_1_268' title='bbox 707 2603 914 2651; x_wconf 84' lang='lat' dir='ltr'>congrua</span> <span class='ocrx_word' id='word_1_269' title='bbox 943 2585 1158 2649; x_wconf 89' lang='lat' dir='ltr'>portione</span> <span class='ocrx_word' id='word_1_270' title='bbox 1183 2607 1199 2642; x_wconf 86' lang='lat' dir='ltr'><em>l</em></span> <span class='ocrx_word' id='word_1_271' title='bbox 1224 2586 1401 2634; x_wconf 87' lang='lat' dir='ltr'>decano</span> <span class='ocrx_word' id='word_1_272' title='bbox 1432 2595 1480 2634; x_wconf 88' lang='lat' dir='ltr'>et</span> <span class='ocrx_word' id='word_1_273' title='bbox 1514 2586 1747 2635; x_wconf 88' lang='lat' dir='ltr'>canonicis</span> <span class='ocrx_word' id='word_1_274' title='bbox 1771 2603 1889 2650; x_wconf 92' lang='lat' dir='ltr'>quos</span> <span class='ocrx_word' id='word_1_275' title='bbox 1912 2586 2087 2635; x_wconf 89' lang='lat' dir='ltr'>ibidem</span> <span class='ocrx_word' id='word_1_276' title='bbox 2111 2604 2196 2652; x_wconf 90' lang='lat' dir='ltr'>per</span> <span class='ocrx_word' id='word_1_277' title='bbox 2218 2605 2300 2635; x_wconf 88' lang='lat' dir='ltr'>vos</span> <span class='ocrx_word' id='word_1_278' title='bbox 2322 2588 2399 2634; x_wconf 88' lang='lat' dir='ltr'>in-</span> 
     </span>
     <span class='ocr_line' id='line_1_27' title="bbox 398 2670 2398 2740; baseline -0.001 -16"><span class='ocrx_word' id='word_1_279' title='bbox 398 2675 532 2724; x_wconf 89' lang='lat' dir='ltr'>stitui</span> <span class='ocrx_word' id='word_1_280' title='bbox 564 2674 795 2722; x_wconf 88' lang='lat' dir='ltr'>voluimus</span> <span class='ocrx_word' id='word_1_281' title='bbox 828 2682 875 2722; x_wconf 91' lang='lat' dir='ltr'>et</span> <span class='ocrx_word' id='word_1_282' title='bbox 909 2673 1187 2721; x_wconf 88' lang='lat' dir='ltr'>mandamus</span> <span class='ocrx_word' id='word_1_283' title='bbox 1221 2673 1428 2739; x_wconf 86' lang='lat' dir='ltr'>assignet</span> <span class='ocrx_word' id='word_1_284' title='bbox 1462 2702 1473 2712; x_wconf 88' lang='lat'><strong>·</strong></span> <span class='ocrx_word' id='word_1_285' title='bbox 1505 2673 1737 2737; x_wconf 88' lang='lat' dir='ltr'>Alioquin</span> <span class='ocrx_word' id='word_1_286' title='bbox 1771 2674 2007 2740; x_wconf 86' lang='lat' dir='ltr'>assignata</span> <span class='ocrx_word' id='word_1_287' title='bbox 2037 2670 2129 2739; x_wconf 89' lang='lat' dir='ltr'>ipsi</span> <span class='ocrx_word' id='word_1_288' title='bbox 2163 2674 2398 2739; x_wconf 90' lang='lat' dir='ltr'>Episcopo</span> 
     </span>
     <span class='ocr_line' id='line_1_28' title="bbox 360 2760 2398 2827; baseline 0 -17"><span class='ocrx_word' id='word_1_289' title='bbox 360 2762 366 2768; x_wconf 78' lang='grc'><em>’</em></span> <span class='ocrx_word' id='word_1_290' title='bbox 399 2770 567 2826; x_wconf 89' lang='lat' dir='ltr'>quarta</span> <span class='ocrx_word' id='word_1_291' title='bbox 605 2760 894 2810; x_wconf 89' lang='lat' dir='ltr'>decimarum</span> <span class='ocrx_word' id='word_1_292' title='bbox 935 2760 1147 2809; x_wconf 91' lang='lat' dir='ltr'>omnium</span> <span class='ocrx_word' id='word_1_293' title='bbox 1187 2760 1486 2809; x_wconf 88' lang='lat' dir='ltr'>ecclesiarum</span> <span class='ocrx_word' id='word_1_294' title='bbox 1520 2761 1732 2826; x_wconf 86' lang='lat' dir='ltr'>ejusdem</span> <span class='ocrx_word' id='word_1_295' title='bbox 1766 2761 1962 2810; x_wconf 87' lang='lat' dir='ltr'>diocesis</span> <span class='ocrx_word' id='word_1_296' title='bbox 1998 2778 2089 2826; x_wconf 88' lang='lat' dir='ltr'>que</span> <span class='ocrx_word' id='word_1_297' title='bbox 2121 2779 2149 2809; x_wconf 90' lang='lat' dir='ltr'>a</span> <span class='ocrx_word' id='word_1_298' title='bbox 2187 2762 2398 2827; x_wconf 89' lang='lat' dir='ltr'>personis</span> 
     </span>
     <span class='ocr_line' id='line_1_29' title="bbox 399 2847 2399 2914; baseline -0.001 -15"><span class='ocrx_word' id='word_1_299' title='bbox 399 2848 684 2899; x_wconf 86' lang='lat' dir='ltr'>secularibus</span> <span class='ocrx_word' id='word_1_300' title='bbox 708 2849 982 2897; x_wconf 89' lang='lat' dir='ltr'>detinentur</span> <span class='ocrx_word' id='word_1_301' title='bbox 1000 2869 1016 2905; x_wconf 86' lang='lat' dir='ltr'>l</span> <span class='ocrx_word' id='word_1_302' title='bbox 1035 2848 1194 2897; x_wconf 90' lang='lat' dir='ltr'>sedem</span> <span class='ocrx_word' id='word_1_303' title='bbox 1211 2847 1541 2914; x_wconf 85' lang='lat' dir='ltr'>Episcopalem</span> <span class='ocrx_word' id='word_1_304' title='bbox 1563 2849 1624 2898; x_wconf 90' lang='lat' dir='ltr'>ad</span> <span class='ocrx_word' id='word_1_305' title='bbox 1641 2849 1976 2898; x_wconf 88' lang='lat' dir='ltr'>monasterium</span> <span class='ocrx_word' id='word_1_306' title='bbox 1999 2849 2146 2898; x_wconf 63' lang='lat' dir='ltr'>sanai</span> <span class='ocrx_word' id='word_1_307' title='bbox 2169 2850 2200 2898; x_wconf 91' lang='lat' dir='ltr'>J</span> <span class='ocrx_word' id='word_1_308' title='bbox 2203 2850 2399 2898; x_wconf 87' lang='lat' dir='ltr'>ohannis</span> 
     </span>
     <span class='ocr_line' id='line_1_30' title="bbox 400 2935 2398 3004; baseline 0.001 -18"><span class='ocrx_word' id='word_1_309' title='bbox 400 2936 747 2987; x_wconf 83' lang='lat' dir='ltr'>Canonicorum</span> <span class='ocrx_word' id='word_1_310' title='bbox 776 2935 1063 3001; x_wconf 87' lang='lat' dir='ltr'>regularium</span> <span class='ocrx_word' id='word_1_311' title='bbox 1092 2935 1296 3000; x_wconf 71' lang='lat' dir='ltr'>predicte</span> <span class='ocrx_word' id='word_1_312' title='bbox 1330 2935 1526 2985; x_wconf 90' lang='lat' dir='ltr'>diocesis</span> <span class='ocrx_word' id='word_1_313' title='bbox 1553 2936 1840 2985; x_wconf 90' lang='lat' dir='ltr'>transferatis</span> <span class='ocrx_word' id='word_1_314' title='bbox 1863 2957 1881 2992; x_wconf 84' lang='lat' dir='ltr'>l</span> <span class='ocrx_word' id='word_1_315' title='bbox 1901 2935 2108 3002; x_wconf 84' lang='lat' dir='ltr'>eligendi</span> <span class='ocrx_word' id='word_1_316' title='bbox 2138 2937 2398 3004; x_wconf 90' lang='lat' dir='ltr'>Episcopos</span> 
     </span>
     <span class='ocr_line' id='line_1_31' title="bbox 400 3022 2395 3089; baseline 0.002 -17"><span class='ocrx_word' id='word_1_317' title='bbox 400 3042 508 3072; x_wconf 89' lang='lat' dir='ltr'>cum</span> <span class='ocrx_word' id='word_1_318' title='bbox 530 3022 743 3072; x_wconf 88' lang='lat' dir='ltr'>Ecclesia</span> <span class='ocrx_word' id='word_1_319' title='bbox 764 3023 865 3089; x_wconf 88' lang='lat' dir='ltr'>ipsa</span> <span class='ocrx_word' id='word_1_320' title='bbox 886 3023 1117 3072; x_wconf 87' lang='lat' dir='ltr'>vacaverit</span> <span class='ocrx_word' id='word_1_321' title='bbox 1143 3022 1394 3072; x_wconf 88' lang='lat' dir='ltr'>Canonicis</span> <span class='ocrx_word' id='word_1_322' title='bbox 1418 3023 1528 3088; x_wconf 90' lang='lat' dir='ltr'>ipsis</span> <span class='ocrx_word' id='word_1_323' title='bbox 1553 3023 1858 3087; x_wconf 88' lang='lat' dir='ltr'>imposterum</span> <span class='ocrx_word' id='word_1_324' title='bbox 1880 3033 2115 3089; x_wconf 87' lang='lat' dir='ltr'>potestate</span> <span class='ocrx_word' id='word_1_325' title='bbox 2139 3043 2357 3075; x_wconf 89' lang='lat' dir='ltr'>concessa</span> <span class='ocrx_word' id='word_1_326' title='bbox 2382 3050 2395 3083; x_wconf 79' lang='lat' dir='ltr'>t</span> 
     </span>
    </p>
   </div>
  </div>
 </body>
</html>
