2808 3926
1078 389 1179 439 DE
1216 386 1749 440 INGHAFFERY.
2354 387 2414 438 57

415 616 578 683 Carta
600 633 659 683 de
684 632 903 699 Gilmory
927 629 1276 698 oeakgillendes
1299 631 1432 679 seruo
1457 655 1470 668 ·

319 806 382 859 57
413 793 670 860 Omnibus
700 809 792 858 hoc
814 808 1040 875 scriptum
1061 807 1226 856 visuris
1251 805 1329 856 vel
1355 805 1589 855 audituris
1616 804 1827 860 COalifius
1851 821 2007 855 comes
2035 806 2095 855 de
2120 803 2410 870 Stratheryn

407 908 621 948 eternam
644 897 695 945 in
718 896 910 946 domino
932 895 1126 945 salutem
1150 920 1163 934 ·
1188 893 1398 943 Nouerit
1419 892 1694 942 vniuerfitas
1716 894 1869 943 vestra
1890 911 1977 943 nos
2000 894 2210 944 caritatis
2233 892 2408 941 intuitu

408 996 456 1036 et
489 1003 578 1052 pro
611 984 757 1034 salute
790 983 946 1033 anime
981 983 1137 1032 nostre
1171 990 1220 1030 et
1252 980 1521 1030 animarum
1559 981 1898 1030 antecessorum
1934 983 2201 1031 nostrorum
2236 980 2408 1029 dedifl‘e

406 1072 660 1122 conceffiffe
690 1081 738 1121 et
764 1071 854 1121 hac
883 1071 1088 1138 presenti
1120 1079 1252 1119 carta
1282 1070 1437 1118 nostra
1466 1069 1756 1117 confirmasse
1788 1086 1876 1134 pro
1911 1069 2045 1118 nobis
2076 1079 2125 1118 et
2154 1067 2407 1118 heredibus

406 1161 574 1210 nostris
608 1160 716 1210 Deo
750 1170 799 1210 et
832 1159 1017 1210 ecclesie
1043 1158 1183 1207 san&
1216 1158 1249 1207 J
1250 1156 1451 1206 ohannis
1485 1155 1770 1222 euangeliste
1803 1156 1863 1205 de
1892 1156 2048 1206 Insula
2078 1156 2325 1211 missarum
2360 1165 2408 1205 et

406 1249 641 1299 canonicis
674 1248 851 1298 ibidem
885 1247 995 1296 Deo
1033 1245 1346 1296 seruientibus
1384 1253 1432 1293 et
1469 1244 1518 1291 in
1557 1252 1843 1310 perpetuum
1875 1245 2116 1294 seruituris
2155 1245 2204 1292 in
2237 1261 2408 1311 puram

405 1347 454 1386 et
488 1346 771 1403 perpetuam
806 1334 1102 1385 elemosinam
1143 1332 1365 1398 Gilmory
1405 1330 1653 1381 Gillendes
1690 1332 1877 1380 seruum
1914 1333 2126 1382 nostrum
2162 1350 2271 1382 cum
2307 1341 2408 1382 tota

402 1420 584 1487 sequela
616 1421 697 1470 sua
727 1431 776 1471 et
812 1438 898 1470 nos
932 1430 979 1469 et
1009 1420 1209 1470 heredes
1241 1419 1389 1468 nostri
1425 1418 1602 1468 di&um
1638 1418 1856 1486 Gilmory
1888 1418 2134 1469 Gillendes
2165 1428 2218 1468 vt
2246 1420 2408 1485 supra—

405 1510 580 1559 dictum
626 1511 691 1559 est
735 1509 870 1559 dietis
915 1509 1100 1558 ecclesie
1145 1518 1194 1558 et
1239 1507 1478 1557 canonicis
1525 1507 1966 1556 warrantizabimus
2007 1507 2343 1574 inperpetuum
2393 1534 2404 1546 ·

405 1597 466 1646 In
489 1598 625 1663 cujus
647 1596 717 1646 rei
740 1596 1056 1646 testimonium
1077 1595 1278 1662 sigillum
1300 1595 1512 1644 nostrum
1535 1594 1740 1661 presenti
1758 1603 1886 1644 carte
1902 1595 2058 1644 nostre
2075 1595 2374 1661 apposuimus
2396 1625 2405 1633 ·

406 1685 515 1751 Hijs
538 1684 731 1734 testibus
754 1683 944 1733 domino
968 1682 1152 1738 COalifio
1174 1682 1271 1732 filio
1292 1681 1476 1731 comitis
1506 1709 1517 1720 ·
1542 1681 1575 1730 J
1577 1681 1796 1730 ohachim
1819 1682 1879 1731 de
1906 1682 2119 1749 Kynbuk
2142 1682 2367 1737 militibus
2395 1711 2405 1721 ·

407 1770 623 1820 Gilberto
645 1771 789 1819 fratre
813 1770 997 1819 comitis
1029 1797 1041 1809 ·
1074 1769 1309 1841 Nicholao
1332 1771 1510 1820 rectore
1534 1769 1721 1820 ecclesie
1744 1771 1804 1820 de
1830 1771 1987 1821 Creffe
2012 1782 2127 1821 tunc
2149 1772 2406 1821 camerario

405 1860 587 1909 comitis
614 1888 624 1898 ·
647 1859 805 1908 Alano
827 1858 1080 1914 mariscallo
1105 1886 1116 1898 ·
1141 1858 1342 1925 Louryn
1365 1859 1487 1914 COak
1512 1858 1692 1910 Gilsers
1708 1869 1757 1909 et
1778 1859 1939 1909 multis
1963 1859 2066 1909 aliis
2092 1888 2103 1900 ·
2129 1861 2262 1911 Data
2279 1862 2405 1927 apud

407 1947 651 1997 Kenmore
681 1947 758 1996 die
788 1946 1166 1996 annunciationis
1196 1947 1334 1996 beate
1366 1946 1522 2002 marie
1544 1947 1740 2014 virginis
1773 1965 1897 1997 anno
1921 1947 2154 1997 dominice
2182 1948 2402 1997 incarna-

405 2035 547 2084 tionis
570 2033 805 2089 ‹oillefimo
828 2039 930 2083 ccm⁰
952 2032 988 2080 1⁰
1010 2042 1179 2082 octauo
1204 2060 1216 2072 ·

409 2280 572 2347 Carta
594 2297 826 2347 Johannis
851 2296 1050 2347 Starnes
1075 2324 1087 2337 ·

314 2476 378 2523 58
404 2455 660 2523 Omnibus
686 2472 777 2522 hoc
803 2472 1028 2537 scriptum
1054 2471 1218 2520 visuris
1244 2470 1319 2521 vel
1341 2471 1573 2521 audituris
1595 2473 1805 2527 oealifius
1836 2490 1994 2523 comes
2021 2474 2082 2523 de
2115 2472 2399 2540 Stratheryn

399 2559 593 2609 salutem
616 2569 828 2609 eternam
849 2559 900 2607 in
923 2558 1115 2608 domino
1151 2587 1162 2598 ·
1198 2558 1407 2608 Nouerit
1423 2559 1697 2609 vniuerfitas
1719 2561 1871 2609 vestra
1893 2578 1969 2609 me
1992 2560 2200 2609 caritatis
2223 2561 2399 2610 intuitu

401 2665 486 2712 pro
519 2646 664 2696 salute
697 2647 852 2696 anime
891 2663 995 2696 mee
1029 2655 1077 2695 et
1111 2627 1448 2695 antecessorum
1483 2656 1532 2696 et
1563 2647 1868 2696 successorum
1900 2665 2114 2697 meorum
2147 2649 2320 2699 dediffe
2353 2658 2401 2697 et

399 2736 652 2786 conceffifl'e
683 2744 732 2785 et
760 2735 850 2784 hac
882 2744 1012 2784 carta
1040 2751 1147 2783 mea
1177 2733 1607 2799 quietumclamaffe
1637 2735 1698 2785 de
1732 2753 1809 2784 me
1837 2745 1886 2785 et
1915 2735 2166 2785 heredibus
2197 2737 2316 2785 meis
2350 2738 2398 2785 in

400 2832 682 2889 perpetuum
726 2822 836 2872 Deo
869 2831 917 2871 et
950 2823 1089 2871 beato
1134 2822 1163 2871 J
1169 2821 1344 2870 ohanni
1388 2822 1593 2886 apostolo
1638 2832 1686 2871 et
1732 2823 2015 2889 euangeliste
2055 2833 2103 2872 et
2147 2824 2305 2872 abbati
2350 2833 2399 2872 et

401 2910 657 2959 conuentui
678 2909 738 2959 de
763 2909 919 2958 Insula
935 2909 1182 2964 missarum
1199 2909 1249 2957 in
1265 2926 1436 2974 puram
1454 2919 1503 2959 et
1519 2919 1799 2976 perpetuam
1817 2910 2110 2960 elemosinam
2129 2911 2161 2960 J
2162 2911 2395 2959 ohannem

401 2997 575 3046 difflaum
592 2997 786 3046 Starnes
799 2997 948 3045 filium
964 2997 1149 3046 Thome
1162 2996 1245 3063 filij
1263 2997 1424 3046 There
1442 3015 1551 3047 cum
1574 3007 1674 3047 tota
1696 2998 1879 3064 sequela
1899 2999 1979 3047 sua
1999 3026 2009 3037 ·
2028 2999 2233 3047 concedo
2251 2999 2394 3047 etiam

400 3102 487 3149 pro
514 3102 591 3134 me
614 3093 662 3133 et
682 3084 936 3134 heredibus
957 3084 1074 3134 meis
1097 3085 1146 3133 in
1169 3094 1455 3150 perpetuum
1486 3085 1592 3150 ipsis
1614 3086 1774 3135 abbati
1802 3095 1850 3135 et
1873 3086 2130 3135 conuentui
2154 3103 2292 3135 omne
2315 3087 2396 3151 jus

1962 3189 1995 3220 n
