2756 3926
402 345 484 386 132
1015 349 1271 393 CARTAE
1307 351 1777 395 RECENTIORES

844 1028 879 1069 E
918 1028 1260 1072 REGISTRO
1297 1029 1383 1071 DE
1423 1029 1958 1075 INNERPEFFERY.

390 1366 518 1408 Carta
537 1367 566 1409 J
569 1367 716 1410 oannis
737 1369 942 1412 Loutfute
962 1384 1090 1426 super
1110 1370 1391 1414 Balmaclone.

306 1524 361 1564 39
385 1557 395 1567 .
418 1558 428 1567 .
446 1558 456 1568 .
473 1527 663 1570 ‚Jacobus
683 1528 957 1585 permissione
973 1530 1115 1573 divina
1126 1531 1508 1574 commendatarius
1521 1538 1753 1588 perpetuus
1766 1531 2010 1574 monasterii
2022 1531 2075 1573 de
2089 1531 2404 1587 Inchecheffray

385 1612 430 1648 et
449 1606 638 1662 ejusdem
658 1607 742 1650 loci
762 1615 994 1652 conventus
1019 1641 1030 1651 .
1055 1641 1065 1652 .
1091 1641 1102 1652 .
1129 1609 1283 1653 Sciatis
1302 1625 1380 1652 nos
1401 1611 1610 1667 quandam
1631 1618 1790 1653 cartam
1819 1641 1830 1652 .
1858 1642 1868 1652 .
1895 1626 1907 1652 .·
1937 1611 2092 1677 factam
2121 1626 2198 1668 per
2220 1611 2405 1654 Alexan—

385 1686 507 1727 drum
528 1686 733 1729 Loutfute
762 1718 772 1729 .
804 1718 815 1729 .
846 1719 857 1729 .
888 1689 918 1731 J
920 1688 1077 1731 ohanni
1108 1689 1313 1732 Loutfute
1342 1689 1503 1746 juniori
1533 1704 1610 1732 suo
1639 1689 1727 1732 filio
1758 1696 1803 1732 et
1833 1690 2059 1732 heredibus
2089 1690 2177 1732 suis
2213 1724 2221 1733 .
2258 1723 2268 1732 .
2305 1723 2315 1733 .
2353 1691 2405 1733 ad

385 1765 557 1821 plenum
586 1765 848 1810 intellexisse
878 1769 958 1811 sub
984 1768 1064 1811 hac
1093 1769 1229 1811 forma
1257 1800 1268 1811 .
1298 1799 1310 1811 .
1344 1802 1353 1811 .
1379 1769 1620 1812 Alexander
1649 1769 1854 1811 Loutfute
1878 1800 1888 1810 .
1915 1800 1925 1811 .
1950 1801 1960 1811 .
1988 1768 2202 1812 Noveritis
2231 1785 2298 1812 me
2322 1802 2332 1812 .
2358 1802 2367 1811 .
2393 1801 2402 1811 .

384 1844 622 1888 vendidisse
646 1877 656 1887 .
687 1879 696 1888 .
726 1879 736 1889 .
764 1861 858 1889 meo
878 1847 966 1890 filio
981 1847 1142 1904 juniori
1160 1849 1190 1891 J
1192 1847 1349 1890 ohanni
1369 1848 1574 1890 Loutfute
1601 1880 1611 1890 .
1638 1879 1649 1890 .
1676 1880 1686 1890 .
1714 1863 1829 1890 meas
1849 1848 1955 1890 duas
1974 1855 2181 1891 marcatas
2202 1856 2407 1892 terrarum

384 1926 436 1968 de
457 1925 728 1969 Balmaclone
750 1941 846 1969 cum
866 1927 1133 1984 pertinentiis
1153 1960 1163 1971 .
1186 1960 1197 1971 .
1220 1960 1230 1971 .
1248 1929 1442 1985 jacentes
1461 1928 1504 1970 in
1519 1928 1696 1971 baronia
1715 1928 1768 1971 de
1790 1929 2010 1971 Maderdie
2031 1960 2041 1971 .
2070 1961 2080 1971 .
2109 1961 2119 1971 .
2148 1945 2224 1986 pro
2245 1945 2408 1972 summa

384 2006 662 2048 ducentarum
694 2021 927 2050 marcarum
959 2040 970 2050 .
1001 2040 1012 2050 .
1043 2040 1054 2050 .
1087 2009 1322 2051 Reddendo
1351 2008 1449 2051 inde
1480 2008 1699 2051 annuatim
1729 2040 1739 2050 .
1771 2040 1781 2050 .
1812 2040 1822 2050 .
1854 2008 1957 2051 mihi
1984 2016 2029 2052 et
2051 2009 2276 2053 heredibus
2303 2011 2407 2054 meis

387 2101 516 2128 unum
537 2086 755 2128 denarium
778 2121 787 2130 .
815 2119 826 2129 .
854 2119 864 2129 .
893 2102 1057 2130 necnon
1078 2088 1221 2131 abbati
1241 2103 1318 2131 seu
1338 2087 1693 2131 commendatario
1714 2094 1758 2130 et
1778 2087 2004 2131 conventui
2024 2088 2076 2131 de
2092 2090 2408 2147 Inchecheffray

422 2198 431 2207 .
461 2197 471 2207 .
501 2181 707 2209 summam
728 2167 903 2224 triginta
922 2167 1050 2210 trium
1071 2167 1302 2210 solidorum
1323 2174 1367 2210 et
1388 2174 1571 2225 quatuor
1590 2167 1856 2210 denariorum
1876 2174 2044 2210 monete
2067 2168 2210 2212 Scotie
2230 2171 2283 2212 ad
2303 2170 2408 2212 duos

387 2246 486 2288 anni
507 2246 710 2289 terminos
731 2254 958 2290 consuetos
985 2279 995 2289 .
1025 2278 1035 2289 .
1062 2278 1072 2289 .
1107 2262 1156 2290 ac
1177 2247 1305 2290 etiam
1325 2247 1432 2290 duos
1453 2261 1635 2304 capones
1655 2247 1825 2290 et-duas
1846 2247 2040 2304 pulturas
2060 2254 2104 2290 et
2123 2263 2200 2305 pro
2221 2249 2409 2306 qualibet

386 2333 574 2370 marcata
600 2326 806 2369 dictarum
835 2332 1042 2369 terrarum
1071 2326 1311 2384 quindecim
1336 2326 1392 2369 lie
1418 2332 1506 2369 met
1533 2326 1656 2370 crelis
1683 2333 1877 2383 petarum
1900 2341 2031 2369 unum
2053 2342 2159 2370 onus
2180 2328 2409 2384 vulgariter

387 2423 465 2449 ane
486 2409 604 2450 horse
624 2407 715 2449 loed
735 2405 917 2449 cementi
933 2405 1019 2448 sive
1036 2405 1162 2449 calcis
1183 2420 1314 2448 unum
1332 2404 1466 2448 simile
1482 2420 1589 2448 onus
1606 2405 1845 2461 tegularum
1861 2406 1915 2447 ad
1931 2406 2092 2449 dictum
2107 2406 2408 2449 monasterium

386 2488 438 2529 de
469 2486 784 2543 Inchecheffray
825 2517 835 2527 .
867 2516 877 2527 .
910 2518 919 2527 .
962 2499 1058 2527 cum
1093 2484 1456 2527 administratione
1496 2485 1622 2527 unius
1657 2483 1759 2542 equi
1794 2499 1891 2526 cum
1926 2485 2072 2528 trahea
2106 2485 2160 2527 ad
2194 2493 2409 2528 vecturam

387 2566 643 2609 decimarum
670 2564 906 2621 garbalium
930 2563 985 2606 ad
1011 2563 1209 2606 horreum
1241 2596 1249 2605 .
1284 2596 1293 2605 .
1325 2594 1335 2605 .
1366 2564 1565 2606 horreum
1589 2571 1633 2606 et
1656 2563 1943 2606 molendinum
1969 2564 2022 2606 ad
2047 2564 2218 2606 modum
2239 2564 2408 2606 solitum

386 2646 622 2703 reparando
654 2652 698 2687 et
730 2643 1007 2687 sustentando
1047 2649 1265 2699 terrasque
1305 2642 1578 2685 dominicales
1617 2642 1849 2699 vulgariter
1889 2644 1940 2686 lie
1979 2645 2118 2686 mains
2156 2643 2199 2685 in
2239 2644 2409 2685 modum

387 2727 557 2769 solitum
579 2740 656 2782 pro
681 2730 774 2778 rata
800 2730 1005 2766 terrarum
1027 2721 1202 2765 colendo
1223 2729 1267 2765 et
1287 2721 1514 2764 laborando
1539 2721 1697 2764 vectori
1718 2728 1761 2764 et
1781 2722 1979 2765 officiario
1999 2722 2128 2779 vulgo
2149 2732 2307 2765 caterer
2321 2725 2410 2765 and

388 2808 544 2863 offic-iar
559 2819 679 2848 corne
691 2808 911 2859 argentum
928 2808 972 2845 et
984 2801 1187 2844 stramina
1203 2801 1328 2844 solita
1343 2807 1386 2844 et
1405 2807 1607 2844 consueta
1619 2815 1782 2844 necnon
1802 2802 1853 2844 lie
1869 2803 1946 2844 kill
1957 2811 2048 2845 stra
2061 2802 2113 2844 ad
2129 2802 2408 2858 quantitatem

389 2890 554 2933 solitam
594 2887 871 2931 ministrando
905 2885 1091 2929 brasium
1128 2885 1357 2942 vulgariter
1391 2886 1499 2929 ‘malt
1534 2885 1587 2928 ad
1626 2885 1912 2928 molendinum
1948 2886 1991 2927 in
2031 2887 2202 2929 modum
2239 2888 2410 2930 solitum

388 2969 597 3026 portando
634 3000 642 3011 .
676 2999 686 3009 .
718 2998 728 3009 .
770 2966 971 3010 solvendo
1001 2964 1130 3008 etiam
1160 2979 1237 3022 pro
1268 2964 1391 3007 dictis
1422 2963 1545 3007 terris
1576 2971 1671 3008 octo
1702 2978 1853 3021 peccas
1882 2979 2112 3008 auenarum
2139 2976 2321 3023 quatuor
2354 2968 2409 3010 lie

386 3050 559 3093 thravas
599 3047 847 3091 straminum
888 3045 942 3089 ad
982 3043 1332 3088 sustentationem
1372 3052 1417 3088 et
1455 3044 1657 3102 pabulum
1692 3045 1982 3100 jumentorum
2022 3045 2124 3088 dicti
2164 3046 2246 3088 loci
2291 3078 2301 3088 .
2344 3078 2353 3088 .
2398 3079 2407 3089 .
