2808 3926
1064 373 1164 422 DE
1207 374 1739 424 INGHAFFERY.
2348 372 2410 420 29

395 537 443 577 et
465 528 705 577 seruituris
736 528 891 577 locum
916 528 1171 583 molendini
1194 529 1330 595 super
1354 530 1534 579 Peffrin
1569 531 1618 578 in
1650 539 1777 580 terra
1800 527 1860 579 de
1886 528 2277 597 Ballmakgillone
2301 546 2407 577 curn

394 617 511 666 tofto
552 627 599 665 et
631 619 794 683 stagno
830 627 878 666 et
909 616 1011 666 aliis
1047 618 1340 684 ayfiamentis
1376 635 1468 684 que
1503 619 1745 685 pertinent
1781 618 1843 667 ad
1878 618 2207 669 molendinum
2240 618 2323 667 fibi
2358 628 2405 667 et

393 705 721 754 successoribus
745 704 834 753 suis
870 705 929 753 de
963 723 1039 754 me
1062 714 1110 754 et
1140 704 1392 754 heredibus
1416 706 1532 755 meis
1567 707 1618 755 in
1647 724 1814 772 puram
1846 714 1894 755 et
1928 719 2206 774 perpetuam
2235 706 2404 755 elemo-

391 795 534 842 finam
558 793 768 859 plenarie
791 802 839 841 et
866 792 1123 841 honorifice
1155 802 1203 841 et
1232 792 1414 858 integre
1435 791 1562 841 salua
1584 793 1701 841 festa
1728 788 1973 842 hominum
2001 811 2215 843 meorum
2239 793 2320 859 qui
2342 792 2403 840 ad

390 881 661 931 molendina
695 899 803 930 mea
836 881 995 931 venire
1032 882 1208 930 debent
1245 909 1257 921 ·
1296 881 1406 930 Hiis
1436 880 1630 930 testibus
1667 909 1677 919 ·
1720 881 1917 931 Ferteth
1956 892 2004 932 et
2041 883 2255 932 Roberto
2294 882 2400 931 filiis

389 970 506 1018 meis
543 996 556 1008 ·
597 968 831 1019 Gillenefe
853 978 900 1018 et
924 967 1106 1023 malifio
1129 967 1226 1018 filio
1257 970 1359 1034 ejus
1393 967 1635 1018 senescallo
1669 985 1776 1017 meo
1815 995 1827 1007 ·
1867 969 2178 1020 Constantino
2196 970 2358 1037 judice
2388 995 2400 1009 ·

390 1058 606 1108 Anechol
628 1058 807 1108 thenno
830 1058 890 1107 de
911 1057 1083 1106 Dunin
1110 1084 1122 1098 ·
1146 1057 1387 1107 Duncano
1410 1057 1589 1107 thenno
1612 1058 1671 1106 de
1698 1057 1863 1107 Struin
1890 1086 1901 1099 ·
1928 1058 2162 1109 Gillecrist
2186 1059 2304 1109 Gal-l
2327 1087 2339 1101 ·

388 1307 484 1373 De
507 1333 632 1372 terra
655 1322 883 1372 Tristram
902 1322 953 1371 in
976 1321 1211 1371 territorio
1235 1322 1295 1371 de
1321 1321 1479 1388 Gorty
1505 1351 1515 1360 ·

294 1500 358 1548 28
393 1485 570 1553 Sciant
604 1512 703 1551 tam
734 1501 884 1550 futuri
914 1518 1058 1567 quam
1088 1501 1327 1567 presentes
1358 1500 1488 1565 quod
1519 1518 1606 1566 ego
1638 1499 1867 1550 Tristram
1900 1502 2012 1551 dedi
2043 1513 2091 1552 et
2123 1505 2317 1553 concessi
2351 1519 2398 1554 et

381 1593 470 1642 hoc
500 1592 671 1658 scripto
703 1609 811 1640 meo
839 1589 1117 1640 confirmaui
1148 1589 1239 1639 deo
1277 1598 1324 1638 et
1359 1589 1514 1638 santio
1546 1589 1759 1639 Johanni
1789 1590 1995 1657 apostolo
2027 1592 2087 1641 de
2123 1593 2397 1661 Inchaffryn

382 1693 430 1732 et
453 1681 688 1732 canonicis
713 1680 890 1730 ibidem
913 1680 1002 1729 deo
1025 1679 1335 1728 seruientibus
1358 1672 1407 1727 et
1428 1679 1667 1728 seruituris
1690 1698 1837 1728 vnum
1861 1681 2062 1731 croftum
2085 1682 2135 1730 in
2164 1683 2397 1733 territorio

380 1789 486 1821 meo
517 1769 894 1819 Eddardoeneth
917 1769 1043 1835 quod
1068 1769 1134 1818 est
1164 1767 1477 1835 propinquius
1499 1768 1663 1834 stagno
1691 1768 1948 1823 molendini
1975 1770 2034 1819 de
2060 1770 2217 1837 Gorty
2240 1772 2394 1820 versus

380 1861 611 1910 orientem
645 1877 731 1925 per
764 1859 885 1925 ipsas
920 1857 1092 1907 diuisas
1126 1875 1243 1924 quas
1277 1856 1490 1912 coalifius
1523 1857 1652 1923 prior
1684 1858 1733 1907 in
1768 1858 1877 1907 vita*
1897 1859 1977 1907 sua
2007 1860 2163 1909 tenuit
2197 1878 2283 1926 pro
2319 1861 2395 1910 dei

382 1968 540 1999 amore
556 1960 603 1998 et
619 1967 706 2015 pro
721 1947 867 1997 salute
882 1948 1039 1996 anime
1053 1965 1158 1996 mee
1173 1946 1425 1995 inliberam
1439 1955 1487 1995 et
1496 1956 1778 2013 perpetuam
1793 1947 2091 1997 elemosinam
2108 1949 2393 1999 Tenendum

380 2039 462 2088 fibi
482 2047 534 2087 et
550 2037 825 2086 habendum
844 2046 891 2086 et
914 2036 1240 2103 poffidendum
1263 2035 1324 2084 de
1347 2053 1423 2084 me
1447 2044 1495 2084 et
1517 2035 1769 2090 heredibus
1786 2036 1904 2085 meis
1926 2036 2070 2086 libere
2093 2047 2141 2087 et
2160 2039 2317 2104 quiete
2334 2040 2393 2088 ab

380 2127 510 2175 omni
541 2125 732 2192 penitus
755 2124 946 2174 seculari
973 2124 1167 2173 seruicio
1198 2132 1246 2173 et
1280 2123 1433 2173 seruili
1463 2123 1644 2173 adtione
1678 2152 1689 2164 ·
1728 2124 1815 2172 Hii
1845 2125 1951 2174 sunt
1978 2126 2117 2175 testes
2150 2126 2392 2175 Abbraam

380 2213 650 2280 capellanus
690 2212 871 2262 domini
911 2212 1095 2261 comitis
1135 2212 1195 2261 de
1235 2211 1519 2278 Stratheryn
1555 2222 1606 2262 et
1643 2212 1832 2261 Arthur
1861 2212 1985 2261 filius
2017 2212 2119 2277 ejus
2159 2243 2169 2252 -
2209 2214 2394 2264 Isachar

379 2301 649 2368 capellanus
673 2302 733 2350 de
756 2300 909 2350 ffoulis
936 2326 947 2337 ·
978 2300 1198 2349 dominus
1223 2299 1506 2365 Riginaldus
1534 2300 1789 2349 canonicus
1815 2300 1876 2350 de
1902 2300 2186 2368 Stratheryn
2210 2329 2222 2341 ·
2249 2303 2390 2352 Hen-

376 2391 501 2440 ricus
529 2398 578 2439 et
607 2389 836 2438 Tristram
870 2415 883 2428 ·
919 2397 967 2437 et
991 2387 1259 2437 VVillelmus
1286 2387 1411 2436 filius
1440 2388 1669 2437 Tristram
1707 2415 1719 2427 ·
1754 2398 1802 2437 et
1831 2389 2074 2438 Tebaldus
2110 2417 2122 2429 ·
2156 2390 2346 2457 Foglais
2381 2419 2390 2429 ·

377 2479 582 2529 Cristina
602 2477 782 2527 femina
804 2476 1030 2526 Tristram
1059 2505 1069 2515 ·
1094 2485 1143 2526 et
1166 2476 1301 2524 Anni
1324 2475 1422 2525 filia
1446 2477 1548 2541 ejus
1574 2505 1585 2515 ·
1610 2485 1658 2525 et
1680 2475 1842 2525 multis
1865 2476 1967 2525 aliis
1992 2503 2004 2516 ·

381 2728 706 2794 Confirmatio
730 2743 790 2792 de
813 2741 932 2791 tosto
957 2741 1184 2790 Tristram
1211 2769 1221 2780 ·

287 2921 350 2968 29
383 2905 560 2972 Sciant
582 2932 678 2971 tam
702 2921 848 2970 futuri
872 2939 1016 2986 quam
1038 2921 1276 2986 presentes
1300 2920 1429 2985 quod
1452 2938 1540 2986 ego
1565 2920 1811 2970 Gilbertus
1835 2938 1991 2969 comes
2014 2920 2074 2970 de
2100 2921 2381 2988 Stratheryn

374 3013 567 3062 concessi
606 3021 654 3059 et
688 3010 777 3059 hac
817 3019 947 3059 carta
979 3027 1086 3058 mea
1120 3009 1396 3058 confirmaui
1438 3009 1527 3057 deo
1568 3018 1615 3058 et
1653 3009 1807 3057 sancto
1845 3009 2054 3058 Johanni
2087 3010 2292 3075 apostolo
2332 3021 2380 3058 et

374 3099 653 3167 euangeliste
688 3099 748 3148 de
779 3084 1050 3165 Inchaffrjn
1074 3107 1122 3147 et
1151 3097 1387 3146 canonicis
1410 3097 1586 3146 ibidem
1617 3098 1706 3146 deo
1734 3097 2040 3146 seruientibus
2069 3106 2117 3146 et
2143 3097 2379 3148 seruituris
