2808 3926
1073 368 1176 418 DE
1215 366 1744 419 INCHAFFERY.
2356 374 2414 418 11

406 596 501 663 De
526 614 703 663 catallis
727 615 1043 681 suspensorum
1069 642 1080 657 ο

349 784 393 833 6,
409 770 664 839 Gilbertus
688 808 843 840 comes
866 791 926 839 de
956 789 1237 855 Stratheryn
1260 788 1478 838 omnibus
1505 787 1773 836 hominibus
1797 787 1941 836 totius
1970 797 2092 836 terre
2115 787 2193 835 sue
2215 785 2408 834 salutem

406 876 568 927 Sciant
598 879 834 944 presentes
868 889 916 928 et
949 878 1096 928 futuri
1126 895 1203 927 me
1237 877 1410 926 dedisse
1443 876 1702 925 coneessifl‘e
1736 885 1784 925 et
1818 875 1906 925 hac
1933 885 2062 925 carta
2094 893 2201 925 mea
2235 876 2407 924 confir—

403 966 543 1014 masso
576 983 663 1031 pro
697 966 774 1016 dei
801 983 960 1015 amore
995 975 1042 1015 et
1076 964 1220 1014 salute
1255 964 1411 1012 anime
1448 980 1553 1012 mee
1588 972 1636 1012 et
1670 953 1829 1012 uxoris
1856 981 1961 1013 mee
1992 974 2040 1013 et
2069 964 2407 1013 antecessorum

403 1062 450 1101 et
485 1052 711 1102 heredum
746 1071 961 1103 meorum
1000 1053 1109 1102 Deo
1149 1061 1197 1101 et
1227 1052 1381 1100 sancto
1420 1050 1632 1100 Johanni
1666 1050 1894 1117 Apostolo
1933 1061 1981 1101 et
2021 1051 2315 1118 ewangeliste
2346 1050 2407 1099 de

402 1139 674 1207 Inchaffryn
703 1152 750 1190 et
785 1141 1020 1190 canonicis
1050 1140 1226 1190 ibidem
1249 1139 1360 1188 Deo
1393 1148 1440 1188 et
1471 1139 1624 1188 saneto
1647 1138 1680 1188 J
1682 1137 1859 1187 ohanni
1887 1140 2194 1189 seruientibus
2229 1150 2278 1189 et
2311 1140 2407 1188 ser-

400 1228 567 1278 uituris
590 1228 712 1278 hane
738 1228 1005 1278 libertatem
1028 1228 1156 1293 quod
1182 1229 1215 1276 fi
1246 1227 1413 1292 aliquis
1443 1226 1691 1276 hominum
1717 1228 1906 1277 suorum
1933 1229 1993 1278 de
2020 1229 2252 1279 territorio
2277 1228 2406 1294 quod

399 1332 487 1381 ego
509 1315 559 1364 in
581 1315 776 1365 liberam
799 1315 1085 1365 elimosinam
1107 1315 1175 1364 eis
1199 1314 1310 1364 dedi
1337 1324 1517 1363 retatus
1539 1314 1680 1363 fuerit
1707 1314 1758 1362 in
1785 1315 1914 1363 curia
1944 1333 2052 1365 mea
2074 1316 2133 1364 de
2155 1315 2282 1364 furto
2310 1316 2405 1363 siue

397 1402 458 1451 de
497 1403 588 1452 alia
626 1403 782 1469 aliqua
815 1403 1004 1469 querela
1038 1421 1129 1469 que
1169 1403 1230 1451 ad
1270 1402 1449 1451 curiam
1490 1419 1644 1451 meam
1682 1402 1890 1468 pertinet
1929 1412 1977 1452 et
2016 1405 2049 1452 ss
2090 1404 2150 1453 de
2190 1402 2268 1452 illa
2302 1411 2406 1451 reta

390 1492 571 1558 judicio
594 1492 844 1541 damnatus
868 1491 1009 1541 fuerit
1030 1517 1042 1530 ·
1066 1490 1159 1540 solo
1180 1490 1297 1539 mihi
1320 1500 1368 1540 et
1391 1490 1644 1540 heredibus
1667 1491 1784 1540 meis
1807 1509 2002 1558 corpore
2024 1492 2184 1543 reliffto
2206 1494 2268 1542 ad
2291 1513 2406 1544 con-

396 1580 674 1629 seruandam
701 1579 938 1646 justiciam
976 1579 1104 1628 curie
1141 1579 1295 1628 nostre
1334 1605 1344 1616 ·
1384 1579 1544 1630 omnia
1578 1578 1745 1628 catalla
1782 1579 1862 1628 sua
1898 1582 2212 1643 remanebunt
2252 1583 2405 1632 sanffto

397 1668 606 1718 Johanni
628 1677 676 1718 et
708 1667 946 1717 canonicis
983 1696 994 1706 ·
1030 1667 1098 1716 Et
1125 1668 1159 1716 fi
1186 1667 1306 1717 forte
1341 1666 1510 1733 aliquis
1544 1667 1794 1716 hominum
1821 1668 2007 1719 suorum
2035 1669 2094 1718 de
2122 1670 2278 1735 aliqua
2304 1681 2406 1720 reta

395 1775 481 1824 per
514 1757 792 1824 peccuniam
827 1774 1016 1806 mecum
1051 1756 1126 1806 vel
1159 1774 1267 1806 cum
1302 1757 1557 1806 heredibus
1591 1756 1707 1806 meis
1748 1758 1894 1806 finem
1931 1758 2094 1807 fecerit
2134 1759 2287 1808 omnis
2327 1759 2406 1809 illa

397 1845 548 1895 finalis
590 1845 792 1912 pecunia
829 1845 1048 1912 prediffls
1085 1846 1324 1894 canonicis
1363 1845 1629 1895 remanebit
1675 1874 1685 1884 ·
1729 1845 1873 1895 Hanc
1907 1846 2099 1912 quidem
2138 1847 2406 1898 libertatem

396 1935 506 1984 Deo
525 1944 572 1984 et
588 1935 741 1984 faursto
760 1934 792 1984 J
794 1934 969 1983 ohanni
992 1944 1039 1983 et
1062 1934 1283 2001 predictis
1302 1934 1539 1983 canonicis
1557 1934 1617 1983 de
1640 1951 1717 1983 me
1740 1944 1788 1983 et
1811 1934 2067 1985 heredibus
2089 1936 2207 1986 meis
2229 1937 2406 2004 imper-

396 2033 594 2090 petuum
625 2023 894 2072 habendam
925 2023 1128 2088 presenti
1155 2023 1324 2088 scripto
1347 2022 1626 2072 confirmaui
1656 2050 1668 2062 ·
1703 2023 1812 2071 Hiis
1843 2023 2035 2073 testibus
2057 2024 2240 2080 COaliflo
2263 2026 2406 2077 fratre

397 2113 582 2162 comitis
625 2141 635 2152 ·
678 2111 884 2167 matilda
916 2112 1141 2161 comitissa
1181 2138 1194 2152 ·
1237 2112 1269 2161 J
1273 2111 1447 2161 onatha
1481 2112 1712 2178 Episcopo
1752 2112 1784 2161 J
1787 2111 1973 2162 ohanne
2013 2113 2365 2165 Archidiacono
2390 2142 2403 2155 ·

398 2202 642 2250 Abbraam
677 2200 918 2268 capellano
952 2200 1136 2250 comitis
1176 2227 1188 2240 ·
1234 2200 1544 2250 Constantino
1583 2200 1755 2250 Judice
1799 2229 1810 2240 ·
1853 2200 2157 2251 Gillenauem
2195 2203 2404 2269 dapifero

397 2289 578 2344 COalifio
613 2289 708 2338 filio
751 2290 853 2355 ejus
900 2315 912 2328 ·
958 2288 1196 2338 Willelmo
1232 2289 1429 2338 Ferteth
1464 2289 1676 2343 Roberto
1710 2288 1930 2355 Fergufio
1963 2290 2146 2345 malifio
2182 2291 2403 2343 Gilchrist

395 2376 505 2426 filiis
532 2376 650 2426 meis
674 2385 721 2426 et
745 2376 907 2426 multis
930 2375 1034 2429 aliis
1060 2403 1071 2422 9

397 2627 492 2694 De
517 2644 701 2694 decima
723 2644 782 2693 de
808 2642 1179 2693 Ouchtirardore
1204 2671 1215 2686 ι

343 2815 370 2868 7
398 2805 690 2872 Alexander
723 2822 821 2870 Dei
858 2821 1016 2888 gratia
1050 2821 1159 2870 Rex
1196 2820 1471 2870 Scottorum
1505 2822 1724 2870 omnibus
1758 2823 1918 2888 probis
1952 2823 2220 2873 hominibus
2255 2825 2396 2873 totius

398 2921 520 2960 terre
556 2911 634 2959 sue
665 2909 842 2959 clericis
880 2919 927 2959 et
960 2909 1104 2975 laycis
1133 2909 1328 2959 salutem
1362 2909 1534 2959 Sciatis
1569 2911 1806 2975 presentes
1841 2921 1888 2961 et
1921 2912 2069 2961 futuri
2103 2931 2189 2962 nos
2225 2914 2396 2962 dedisse

397 3008 444 3047 et
467 2999 722 3048 conceffiffe
751 3008 798 3047 et
824 2998 914 3047 hac
937 3007 1067 3047 carta
1090 2998 1246 3047 nostra
1269 2999 1558 3048 confirmasse
1580 2999 1692 3049 Deo
1716 3009 1764 3049 et
1786 2999 1973 3050 ecclesie
1996 3001 2140 3050 sancti
2163 3001 2395 3050 Johannis

396 3084 588 3154 apostoli
622 3097 670 3136 et
699 3087 979 3154 euangeliste
1014 3088 1073 3136 de
1106 3087 1381 3157 InchaffrYn
1412 3097 1459 3137 et
1488 3088 1724 3138 canonicis
1752 3089 1926 3139 ibidem
1950 3089 2060 3138 Deo
2089 3090 2394 3142 seruientibus
