2808 3926
471 368 534 412 32
1235 363 1711 413 REGISTRUM

470 517 724 566 conceffiffe
747 527 794 566 et
818 519 905 566 hac
929 528 1059 567 carta
1081 534 1187 566 mea
1210 517 1498 565 confirmasse
1517 517 1606 565 deo
1630 526 1677 566 et
1694 518 1831 566 beate
1855 518 2010 571 COarie
2028 527 2075 566 et
2097 519 2251 568 sancto
2269 520 2478 568 ,Iohanni

470 606 675 672 apostolo
726 607 775 654 in
825 606 979 655 Insula
1025 605 1271 660 missarum
1317 621 1502 653 necnon
1550 604 1710 652 abbati
1755 613 1802 652 et
1847 605 2103 653 conuentui
2143 606 2350 671 ejusdem
2388 608 2479 657 loci

470 703 618 741 totam
641 694 870 741 brafinam
894 693 1037 741 totius
1066 701 1188 741 terre
1220 691 1278 739 de
1312 690 1547 756 Petlandy
1582 708 1691 739 cum
1722 690 1942 739 omnibus
1969 690 2264 740 libertatibus
2291 695 2479 759 juribus

470 789 518 829 et
541 780 819 829 aifiamentis
843 779 1126 828 omnimodis
1144 779 1265 826 infra
1281 777 1439 826 villam
1462 787 1510 827 et
1534 787 1668 827 extra
1690 778 1751 826 ad
1770 779 1940 827 didtam
1963 788 2138 828 terram
2163 780 2222 829 de
2246 781 2479 848 Petlandy

470 868 778 934 speffmntibus
803 867 875 916 vel
897 868 1103 934 spectare
1125 866 1388 916 valentibus
1412 867 1506 915 fine
1529 865 1685 931 aliquo
1713 875 2040 916 retenemento
2077 894 2088 906 ·
2126 867 2408 917 Tenendam
2432 880 2480 918 et

468 957 734 1005 habendam
756 957 839 1005 fibi
858 966 906 1006 et
928 956 1257 1005 successoribus
1279 956 1369 1004 suis
1394 964 1442 1004 et
1459 954 1692 1021 affignatis
1716 964 1764 1004 et
1788 973 1953 1004 eorum
1976 955 2230 1005 heredibus
2254 958 2313 1006 de
2331 975 2407 1006 me
2431 967 2480 1007 et

470 1044 718 1094 heredibus
742 1046 858 1093 meis
882 1045 932 1093 in
955 1062 1124 1110 puram
1147 1054 1194 1094 et
1222 1053 1502 1111 perpetuam
1527 1043 1824 1092 elemosinam
1846 1043 1991 1092 libere
2015 1053 2062 1093 et
2087 1044 2244 1109 quiete
2267 1046 2327 1093 ab
2351 1046 2480 1094 omni

469 1132 661 1181 seculari
690 1132 882 1182 seruicio
910 1133 960 1180 in
987 1142 1270 1199 perpetuum
1306 1161 1315 1171 ·
1349 1133 1454 1199 Ego
1484 1150 1595 1181 vero
1625 1141 1673 1181 et
1704 1131 1902 1180 heredes
1930 1132 2025 1180 mei
2052 1131 2224 1180 dictam
2246 1133 2476 1181 brafinam

470 1239 579 1269 cum
612 1221 907 1285 pertinentiis
943 1221 1227 1270 omnimodis
1260 1222 1376 1269 ficut
1410 1220 1676 1286 predi&um
1710 1221 1774 1268 est
1810 1220 1945 1268 dictis
1977 1220 2197 1286 religiosis
2232 1231 2280 1270 et
2315 1239 2480 1270 eorum

470 1309 798 1357 successoribus
823 1318 986 1358 contra
1004 1326 1168 1357 omnes
1190 1308 1408 1357 homines
1431 1317 1479 1356 et
1495 1307 1695 1356 feminas
1714 1307 2152 1356 warrantizabimus
2175 1318 2479 1375 protegemus

471 1406 518 1446 et
543 1398 852 1447 defendemus
876 1398 923 1445 in
948 1407 1231 1464 perpetuum
1269 1426 1279 1436 ·
1315 1397 1382 1446 Et
1412 1406 1463 1445 vt
1491 1397 1580 1445 hec
1603 1396 1795 1445 donatio
1819 1414 1924 1446 mea
1948 1407 1995 1445 et
2027 1407 2154 1446 carte
2178 1416 2282 1447 mee
2307 1400 2480 1446 confir-

471 1487 620 1535 matio
659 1487 804 1535 robur
839 1486 1076 1535 firmitatis
1113 1496 1160 1535 et
1194 1485 1456 1535 stabilitatis
1492 1486 1541 1534 in
1581 1485 1711 1534 omni
1751 1485 1962 1535 obtineat
1999 1487 2263 1552 presentem
2302 1498 2479 1536 cartam

470 1593 625 1624 meam
647 1575 780 1642 figilli
802 1575 897 1624 mei
920 1575 1212 1642 imprefflone
1229 1558 1450 1623 roboraui
1474 1601 1486 1613 ·
1513 1574 1623 1622 Hiis
1641 1573 1835 1622 testibus
1852 1574 2067 1640 magistro
2093 1574 2282 1623 Thoma
2300 1576 2479 1624 decano

471 1663 821 1713 Dunblanenfis
869 1663 1054 1713 ecclefie
1099 1673 1146 1712 et
1192 1663 1420 1728 magistro
1467 1663 1674 1712 Ricardo
1721 1663 1929 1728 ejusdem
1970 1662 2156 1712 ecclesie
2203 1665 2428 1713 canonico
2468 1697 2478 1707 ·

471 1754 665 1802 domino
691 1782 702 1792 ·
726 1753 779 1801 N
804 1781 816 1792 ·
848 1754 1026 1802 rectore
1058 1752 1245 1802 ecclefie
1274 1753 1334 1801 de
1364 1752 1506 1802 Crefe
1537 1781 1547 1791 ·
1573 1752 1766 1801 domino
1791 1778 1803 1791 ·
1828 1752 1861 1801 J
1892 1781 1902 1791 ·
1933 1753 2129 1818 persona
2156 1754 2216 1802 de
2239 1754 2441 1804 Buffidir
2466 1784 2477 1793 ·

470 1842 672 1892 dominis
697 1843 754 1896 CC)
781 1871 791 1881 ·
816 1852 864 1891 et
887 1843 944 1897 CO
971 1869 982 1881 ·
1009 1841 1262 1908 capellanis
1291 1841 1483 1890 domine
1507 1841 1731 1890 comitisse
1756 1867 1767 1880 ·
1799 1840 2026 1889 Tristram
2051 1842 2110 1891 de
2136 1842 2294 1909 Gorty
2318 1870 2329 1882 ·
2356 1844 2478 1892 Wil-

469 1931 611 1981 lelmo
642 1959 653 1971 ·
682 1931 951 1981 Gillicolmo
977 1958 989 1970 ·
1014 1941 1062 1980 et
1085 1931 1247 1980 multis
1271 1930 1371 1979 aliis
1396 1958 1407 1970 ·

479 2182 640 2249 Carta
662 2199 722 2246 de
747 2198 938 2247 Carnbo
966 2226 975 2235 ·

386 2377 448 2422 33
477 2357 733 2424 Omnibus
764 2374 889 2422 hanc
917 2383 1097 2422 cartam
1120 2372 1283 2420 visuris
1315 2371 1389 2421 vel
1420 2370 1650 2420 audituris
1683 2369 1902 2436 Rogerus
1936 2371 1996 2420 de
2028 2371 2229 2424 ffleksen
2260 2374 2479 2424 dominus

474 2465 533 2512 de
557 2464 724 2512 eadem
746 2463 939 2511 salutem
971 2463 1021 2510 in
1045 2462 1239 2511 domino
1263 2470 1476 2510 eternam
1507 2489 1517 2499 ·
1552 2459 1800 2508 Noueritis
1832 2477 1909 2509 me
1937 2460 2100 2525 spiritu
2129 2462 2396 2512 deuotionis
2424 2483 2479 2514 ac

473 2569 594 2617 pura
616 2560 775 2600 mente
800 2560 847 2599 et
869 2568 1000 2599 mera
1021 2567 1108 2614 pro
1127 2549 1271 2598 salute
1295 2549 1452 2598 anime
1476 2565 1582 2597 mee
1614 2547 1870 2596 conceflifl'e
1902 2548 2074 2597 dedifl'e
2097 2558 2145 2597 et
2167 2549 2256 2598 hac
2278 2552 2479 2616 presenti

475 2650 603 2690 carta
629 2657 736 2688 mea
764 2639 1051 2688 confirmasse
1081 2638 1130 2686 in
1158 2648 1443 2704 perpetuum
1478 2637 1568 2685 deo
1600 2646 1648 2685 et
1678 2637 1816 2686 beate
1847 2637 2002 2691 006116
2033 2648 2080 2686 et
2107 2639 2245 2688 beato
2268 2640 2479 2690 ,Iohanni

475 2728 679 2796 apostolo
713 2737 761 2778 et
794 2726 1074 2794 euangeliste
1110 2727 1169 2775 de
1205 2726 1363 2775 Insula
1390 2727 1635 2781 COifl‘arum
1662 2743 1717 2774 ac
1751 2725 1928 2775 dilectis
1955 2727 2070 2775 meis
2102 2728 2261 2777 abbati
2289 2739 2336 2778 et
2370 2748 2478 2780 con-

472 2819 639 2868 uentui
663 2817 867 2884 ejusdem
889 2816 981 2865 loci
1003 2816 1052 2864 in
1080 2833 1248 2882 puram
1278 2825 1325 2865 et
1358 2824 1637 2882 perpetuam
1669 2813 1962 2863 elemosinam
1990 2824 2138 2866 totam
2168 2827 2215 2866 et
2242 2818 2475 2884 integram

475 2919 643 2956 terram
670 2922 823 2954 meam
855 2905 914 2952 de
947 2903 1154 2953 Carnibo
1185 2921 1271 2969 per
1298 2905 1447 2953 rectas
1475 2912 1625 2952 metas
1655 2903 1758 2951 suas
1782 2910 1832 2952 et
1856 2902 2024 2952 diuisas
2048 2913 2096 2953 et
2127 2922 2234 2953 cum
2260 2907 2478 2956 omnibus

473 2993 765 3043 libertatibus
803 2991 1213 3041 commoditatibus
1255 2999 1302 3040 et
1342 2991 1636 3057 ayfiamentis
1678 2999 1724 3038 et
1765 2990 2046 3039 omnimodis
2080 2993 2377 3058 pertinentiis
2416 2996 2479 3044 ad

478 3084 645 3133 dictam
668 3092 841 3131 terram
865 3080 1195 3146 quoquomodo
1218 3080 1529 3145 spestantibus
1552 3079 1628 3128 vel
1644 3079 1848 3145 spe6tare
1869 3079 2133 3129 valentibus
2158 3107 2170 3120 ·
2197 3082 2478 3135 Tenendam
