2808 3926
1031 381 1135 430 DE
1181 381 1713 433 INCHAFFERY.
2319 384 2379 438 17

368 546 464 585 tres
494 553 672 591 marcas
704 537 763 586 de
790 537 978 603 Dunyn
1006 547 1054 587 et
1083 537 1294 603 quinque
1326 555 1503 589 marcas
1535 537 1595 587 de
1628 536 1832 586 Petcarn
1867 545 1915 585 et
1946 536 2009 585 ad
2038 536 2207 586 festum
2237 536 2381 587 sancti

368 626 498 674 Petri
522 625 650 690 quod
673 625 846 674 dicitur
869 625 1121 675 aduincula
1143 626 1414 691 proximum
1436 626 1632 692 sequens
1646 634 1850 691 quatuor
1866 642 2048 674 marcas
2071 625 2131 675 (16
2154 624 2379 691 thanagio

367 713 427 761 de
456 714 670 781 Dunync
702 732 794 779 que
832 715 968 763 nobis
999 732 1086 781 pro
1122 714 1323 763 frecellis
1355 714 1458 763 dari
1489 714 1833 764 consueuerunt
1865 722 1913 762 et
1943 713 2006 762 ad
2035 713 2202 762 festum
2237 713 2379 762 san&

367 801 568 855 COartini
604 802 654 850 in
690 819 829 867 yeme
865 811 960 851 tres
994 818 1173 856 marcas
1207 802 1267 850 de
1300 801 1517 867 Dunyne
1551 810 1601 851 et
1634 801 1843 867 quinque
1876 818 2054 853 marcas
2083 801 2144 850 (16
2167 801 2380 850 Petkarn

366 899 526 955 preter
569 890 738 956 viginti
783 907 962 945 marcas
1008 907 1124 956 quas
1168 890 1365 956 predicti
1408 889 1497 938 viri
1538 889 1740 956 religiofi
1784 890 1917 956 prius
1962 890 2273 956 optinuerunt
2318 890 2379 938 de

368 977 556 1044 Dunyn
585 995 645 1026 ex
676 978 802 1027 dono
830 977 1001 1032 coalifii
1028 978 1268 1043 quondam
1298 978 1422 1026 bone
1452 976 1678 1026 memorie
1707 977 1855 1044 patris
1884 978 2027 1027 nostri
2051 978 2304 1028 Tenendas
2332 987 2380 1026 et

368 1065 607 1114 habendas
630 1065 861 1131 predictas
887 1065 1056 1131 viginti
1085 1082 1266 1113 marcas
1297 1081 1479 1113 annuas
1507 1064 1556 1112 in
1583 1063 1806 1130 predictis
1832 1063 1947 1113 locis
1974 1064 2301 1131 percipiendas
2329 1074 2381 1113 vt

367 1153 630 1219 predictum
653 1155 719 1202 est
742 1152 803 1201 de
826 1152 961 1202 nobis
984 1162 1032 1202 et
1054 1152 1307 1201 heredibus
1331 1151 1497 1200 nostris
1519 1152 1597 1201 seu
1619 1152 1853 1219 affignatis
1876 1152 1960 1200 fibi
1983 1161 2031 1201 et
2054 1152 2382 1201 successoribus

369 1242 459 1290 suis
482 1242 602 1291 bene
624 1241 674 1290 in
696 1258 813 1307 pace
839 1241 906 1290 ita
926 1241 1074 1290 libere
1091 1240 1248 1306 quiete
1271 1240 1482 1306 plenarie
1500 1250 1549 1290 et
1564 1240 1824 1290 honorifice
1842 1241 1958 1289 ficut
1980 1239 2148 1306 aliquis
2170 1241 2384 1290 redditus

367 1330 426 1378 ab
449 1328 606 1394 aliquo
629 1328 801 1378 comite
822 1327 897 1377 vel
929 1329 1105 1378 barone
1128 1328 1178 1376 in
1200 1346 1348 1395 regno
1375 1327 1535 1379 Scotie
1557 1328 1791 1394 aliquibus
1814 1328 1924 1382 viris
1945 1327 2167 1394 religiofis
2189 1327 2382 1377 liberius

367 1415 572 1482 quietius
602 1415 790 1482 plenius
822 1424 870 1464 et
900 1415 1288 1465 honorificentius
1319 1416 1370 1464 in
1399 1415 1598 1465 liberam
1620 1433 1792 1483 puram
1823 1425 1871 1465 et
1899 1425 2180 1482 perpetuam
2208 1415 2384 1466 elemo-

366 1505 515 1552 finam
539 1502 641 1551 dari
663 1502 838 1569 poterit
861 1512 909 1552 et
931 1503 991 1551 ab
1015 1502 1122 1569 ipfis
1150 1503 1302 1552 teneri
1334 1512 1382 1552 et
1412 1504 1629 1569 poffideri
1667 1532 1679 1543 ·
1719 1503 1904 1554 Ceteris
1936 1503 2079 1553 etiam
2102 1503 2311 1553 articulis
2335 1514 2383 1553 et

368 1590 703 1640 donationibus
744 1590 967 1639 omnibus
1007 1600 1055 1640 et
1092 1590 1284 1657 singulis
1324 1590 1426 1639 aliis
1467 1591 1519 1639 in
1560 1591 1703 1640 cartis
1742 1591 1867 1641 bone
1906 1591 2134 1641 memorie
2174 1590 2385 1641 Gilberti

367 1680 534 1747 proaui
556 1680 700 1729 nostri
723 1689 771 1729 et
802 1680 981 1747 COalicij
1007 1681 1155 1747 patris
1182 1681 1326 1730 nostri
1348 1680 1590 1746 quondam
1614 1680 1841 1730 comitum
1863 1681 1923 1730 de
1954 1680 2240 1747 Stratheryn
2265 1698 2380 1731 con-

368 1768 513 1819 tentis
552 1778 810 1835 augmenta
850 1777 900 1817 et
939 1769 1232 1818 incrementa
1278 1786 1375 1817 non
1420 1768 1725 1835 tangentibus
1764 1769 1845 1817 suo
1884 1769 2052 1818 robore
2092 1768 2331 1818 duraturis
2367 1796 2379 1808 ·

368 1858 474 1906 Nos
510 1875 619 1906 vero
656 1866 704 1906 et
739 1857 936 1906 heredes
975 1857 1119 1906 nostri
1158 1867 1206 1907 et
1245 1857 1459 1923 affignati
1500 1858 1735 1924 predictas
1775 1857 1945 1923 viginti
1982 1873 2160 1911 coarcas
2199 1858 2381 1924 prefato

369 1947 646 1996 monasterio
677 1956 725 1995 et
753 1947 990 1996 canonicis
1021 1947 1244 2013 predictis
1265 1948 1382 1996 ficut
1403 1947 1668 2013 predictum
1696 1947 1762 1996 est
1785 1955 1951 1996 contra
1980 1963 2145 1995 omnes
2167 1945 2383 1995 homines

371 2045 419 2085 et
448 2036 647 2084 feminas
677 2036 1090 2085 warantizabimus
1130 2035 1502 2101 acquietabimus
1542 2045 1590 2085 et
1628 2035 1984 2102 imperpetuum
2023 2035 2333 2085 defendemus
2370 2063 2381 2075 ·

372 2123 437 2172 Et
464 2133 519 2172 ut
546 2123 636 2172 hec
667 2124 823 2172 nostra
844 2123 1037 2172 donatio
1061 2124 1285 2173 conceffio
1309 2133 1356 2172 et
1379 2123 1605 2190 presentis
1628 2132 1756 2173 carte
1776 2123 1932 2172 nostre
1953 2123 2248 2172 confirmatio
2272 2141 2384 2190 per-

371 2220 515 2278 petue
553 2211 789 2260 firmitatis
828 2212 968 2260 robor
1006 2210 1254 2276 optineant
1292 2211 1482 2277 presens
1515 2211 1742 2278 scriptum
1773 2210 1909 2277 figilli
1941 2211 2085 2260 nostri
2117 2211 2381 2261 munimine

370 2300 694 2350 roborauimus
720 2328 730 2338 ·
770 2300 879 2348 Hiis
919 2300 1115 2349 testibus
1153 2300 1410 2350 venerabili
1448 2309 1583 2366 patre
1622 2300 1818 2350 domino
1858 2300 2071 2350 Roberto
2111 2300 2190 2350 dei
2228 2301 2381 2367 gratia

371 2388 584 2454 episcopo
597 2387 922 2437 Dunblanenfi
937 2412 948 2426 ·
966 2387 1181 2454 magistro
1200 2388 1388 2437 Thoma
1404 2387 1716 2453 ejusdemloci
1730 2388 1910 2438 decano
1927 2415 1939 2428 ·
1953 2387 2170 2454 magistro
2185 2388 2378 2455 Augus-

370 2476 470 2525 tino
492 2474 816 2524 Dunblanenfi
837 2474 1165 2525 archidiacono
1190 2504 1202 2515 ·
1238 2475 1430 2526 domino
1458 2475 1593 2526 Beda
1621 2485 1802 2526 rectore
1839 2475 2025 2526 ecclefie
2060 2476 2119 2524 (16
2153 2476 2340 2542 ffluyhe
2364 2504 2377 2516 ·

370 2563 563 2613 domino
571 2563 775 2613 Patricio
791 2564 851 2613 de
867 2563 1045 2614 Grame
1066 2592 1076 2603 ·
1093 2564 1285 2614 domino
1300 2564 1332 2614 J
1334 2564 1520 2614 ohanne
1535 2565 1595 2614 de
1612 2563 1888 2631 Streuylly’m
1903 2590 1916 2604 ·
1932 2564 2125 2614 domino
2141 2564 2378 2615 Willelmo

370 2653 430 2702 de
453 2653 674 2708 morauia
694 2652 791 2702 filio
815 2652 996 2703 domini
1018 2652 1263 2708 malcolmi
1286 2653 1346 2703 de
1370 2652 1593 2707 oeorauia
1615 2652 1840 2706 militibus
1866 2681 1878 2694 ·
1903 2665 1952 2703 et
1974 2653 2136 2704 multis
2159 2653 2259 2703 aliis
2285 2681 2297 2694 ·
