2808 3926
1042 382 1146 430 DE
1190 382 1731 433 INCHAFFERY.
2335 389 2396 442 37

382 607 544 674 Carta
569 626 794 676 Willelmi
818 626 901 675 filii
925 627 1095 682 coalifii
1119 627 1179 676 de
1204 627 1340 676 terris
1362 627 1456 676 suis
1478 627 1603 676 infra
1627 626 1966 678 Ochtirardore
1991 638 2040 677 et
2063 638 2198 678 extra
2223 655 2234 668 ·

285 801 347 853 37
379 783 633 851 Omnibus
673 804 860 870 presens
897 803 1118 869 scriptum
1155 802 1316 851 visuris
1356 802 1432 852 vel
1467 803 1698 852 audituris
1739 803 2005 855 Willelmus
2044 805 2169 855 filius
2216 805 2385 861 malifii

371 889 564 939 salutem
599 892 648 939 in
683 891 877 941 domino
908 901 1117 941 eternam
1156 891 1320 940 Sciant
1349 891 1586 955 presentes
1617 900 1666 940 et
1696 892 1844 941 futuri
1874 911 1951 943 me
1980 894 2144 960 sponte
2175 904 2222 944 et
2253 912 2382 944 mere

370 979 626 1028 conceffiffe
658 980 831 1029 dediffe
862 989 910 1028 et
939 979 989 1027 in
1020 987 1304 1045 perpetuum
1327 979 1618 1028 confirmafl'e
1647 980 1697 1028 in
1724 998 1893 1046 puram
1917 991 1965 1031 et
1987 992 2264 1047 perpetuam
2289 983 2385 1031 ele-

368 1069 591 1116 mofinam
615 1086 700 1134 pro
723 1067 868 1117 salute
891 1067 1047 1128 anime
1069 1085 1174 1116 mee
1198 1067 1288 1116 deo
1311 1076 1359 1116 et
1382 1068 1519 1116 beate
1537 1068 1692 1123 marie
1716 1079 1764 1118 et
1787 1070 1926 1119 beato
1944 1070 2154 1119 Johanni
2177 1071 2384 1138 apostolo

370 1155 650 1221 euangeliste
682 1156 741 1205 de
772 1155 931 1204 Insula
947 1155 1194 1210 missarum
1217 1172 1272 1204 ac
1295 1155 1532 1204 canonicis
1562 1156 1771 1232 ejusdem
1789 1157 1879 1207 loci
1911 1176 2075 1208 omnes
2107 1170 2154 1210 et
2184 1160 2385 1227 singulas

367 1243 618 1309 perticulas
637 1253 865 1292 terrarum
884 1260 960 1291 me
983 1241 1375 1308 qualitercunque
1399 1243 1727 1309 contingentes
1751 1245 1873 1294 infra
1894 1246 1968 1295 vel
1990 1256 2125 1295 extra
2146 1247 2301 1295 villam
2326 1248 2384 1297 de

366 1331 677 1380 Ochtirardor
707 1348 793 1397 per
821 1347 984 1379 omnes
1019 1339 1167 1379 metas
1195 1339 1244 1379 et
1271 1330 1442 1379 diuisas
1464 1331 1569 1379 suas
1593 1349 1702 1380 cum
1726 1333 1946 1382 omnibus
1969 1334 2269 1400 pertinentiis
2292 1335 2383 1383 suis

367 1421 428 1469 ad
459 1419 800 1470 inueniendum
828 1418 1095 1467 illuminare
1131 1435 1288 1468 coram
1322 1419 1546 1486 ymagine
1579 1421 1717 1470 beate
1754 1422 1910 1476 COarie
1947 1422 1996 1470 in
2024 1423 2167 1472 choro
2199 1424 2384 1473 ecclesie

366 1509 572 1575 ejusdem
607 1508 698 1557 loci
723 1535 735 1547 ·
763 1508 897 1566 Quas
933 1507 1126 1573 quidem
1160 1517 1310 1556 terras
1345 1525 1434 1574 ego
1470 1509 1565 1557 emi
1601 1509 1650 1557 in
1677 1520 1962 1576 perpetuum
1990 1529 2019 1560 a
2045 1512 2264 1561 Johanne
2287 1512 2384 1561 filio

367 1597 543 1646 Baltini
559 1596 814 1646 Tenendas
830 1606 878 1645 et
894 1595 1157 1645 Habendas
1172 1605 1222 1644 vt
1236 1595 1498 1662 predi&um
1513 1597 1578 1646 est
1593 1615 1701 1646 cum
1717 1599 1934 1647 omnibus
1948 1599 2038 1648 suis
2047 1600 2234 1664 juribus
2248 1600 2385 1651 liber-

366 1686 542 1735 tatibus
566 1695 614 1735 et
637 1685 933 1753 ayfiamentis
954 1709 964 1724 ο
990 1684 1115 1734 saluo
1139 1684 1372 1734 duntaxat
1389 1685 1581 1735 seruicio
1601 1686 1781 1735 domini
1799 1688 1942 1736 nostri
1962 1688 2108 1754 Regis
2135 1717 2145 1727 ·
2172 1690 2231 1737 In
2250 1690 2384 1755 cujus

365 1774 432 1823 rei
456 1774 772 1823 testimonium
796 1772 908 1822 huic
935 1772 1106 1838 scripto
1138 1772 1337 1838 sigillum
1368 1790 1527 1822 meum
1559 1774 1754 1840 apposui
1784 1784 1833 1824 et
1863 1775 1925 1823 ad
1955 1777 2182 1839 majorem
2212 1778 2382 1826 securi-

364 1873 511 1912 tatem
550 1872 597 1912 et
631 1862 889 1928 pleniorem
927 1860 1215 1910 euidentiam
1250 1859 1447 1926 sigillum
1483 1878 1732 1911 commune
1763 1862 1901 1928 burgi
1936 1862 1995 1911 de
2043 1863 2384 1912 Ouchtirardor

363 1950 655 2016 presentibus
679 1949 855 2015 apponi
874 1948 1124 2014 procuraui
1149 1975 1160 1986 ·
1185 1948 1295 1996 Hiis
1314 1948 1506 1996 testibus
1531 1947 1765 1997 nobilibus
1783 1949 1892 1997 viris
1917 1949 2118 1998 dominis
2136 1950 2300 1999 Dauid
2324 1952 2383 2000 de

366 2038 546 2088 Grame
570 2047 618 2086 et
637 2037 826 2086 Thoma
849 2037 908 2085 de
932 2036 1121 2084 ffaufide
1145 2034 1372 2084 militibus
1389 2035 1599 2085 Waltero
1618 2037 1677 2085 de
1692 2037 1912 2091 morauia
1929 2037 2121 2086 domino
2140 2039 2199 2087 de
2218 2038 2379 2105 Tully-

362 2126 512 2191 bardy
541 2153 551 2164 ·
576 2125 608 2173 J
611 2124 798 2173 ohanne
821 2123 916 2172 filio
933 2122 1109 2188 judicis
1136 2151 1146 2161 ·
1183 2122 1341 2171 Bricio
1366 2124 1488 2172 bane
1513 2150 1524 2162 ·
1561 2123 1773 2173 Roberto
1795 2124 1891 2173 filio
1919 2124 2151 2174 Johannis
2178 2126 2378 2192 burgen-

362 2214 393 2260 fi
418 2213 476 2261 de
503 2211 872 2261 Ouchtirardore
896 2236 908 2248 ·
934 2219 982 2259 et
1003 2209 1216 2276 pluribus
1240 2209 1340 2258 aliis
1364 2236 1376 2248 ·

367 2459 528 2526 Carta
551 2476 610 2525 de
637 2473 969 2524 Abirbrothok
990 2498 1001 2511 ·

273 2650 335 2696 38
365 2635 622 2701 Omnibus
648 2651 821 2702 Christi
849 2650 1066 2700 fidelibus
1096 2651 1285 2716 presens
1308 2649 1531 2716 scriptum
1554 2648 1716 2698 visuris
1742 2648 1816 2699 vel
1847 2649 2076 2699 audituris
2099 2649 2363 2700 Willelmus

359 2742 437 2790 dei
478 2741 630 2807 gratia
675 2741 820 2789 abbas
858 2740 919 2788 de
956 2739 1238 2788 Arbrothok
1282 2747 1330 2787 et
1369 2737 1578 2803 ejusdem
1617 2737 1710 2787 loci
1751 2747 2014 2788 conuentus
2059 2748 2270 2788 eternam
2315 2741 2364 2787 in

359 2830 550 2879 domino
586 2829 780 2878 salutem
813 2828 1019 2878 Nouerit
1053 2827 1324 2876 vniuerfitas
1358 2828 1509 2877 vestra
1548 2843 1634 2875 nos
1673 2826 1913 2875 communi
1953 2827 2126 2875 afl‘ensu
2165 2836 2213 2876 et
2247 2844 2360 2875 con-

359 2919 487 2967 sensu
515 2918 658 2967 totius
689 2917 883 2984 capituli
914 2916 1056 2966 nostri
1084 2916 1256 2966 dedifl‘e
1285 2916 1541 2966 conceffiffe
1569 2924 1618 2965 et
1639 2915 1728 2965 hac
1751 2926 1878 2965 carta.
1900 2917 2054 2965 nostra
2076 2916 2360 2965 confirmasse

358 3006 447 3054 deo
482 3015 529 3054 et
562 3005 746 3054 ecclesie
780 3005 922 3054 fausti
958 3003 1193 3054 Johannis
1229 3002 1423 3069 apostoli
1453 3011 1503 3052 et
1529 3002 1816 3069 euangeliste
1847 3003 1906 3051 de
1935 3001 2090 3051 Insula
2111 3002 2355 3054 missarum

358 3103 404 3141 et
439 3093 598 3141 abbati
631 3102 678 3141 et
712 3093 969 3142 conuentui
1000 3091 1175 3140 ibidem
1210 3091 1299 3140 deo
1332 3090 1639 3140 seruientibus
1673 3090 1792 3140 etin
1815 3099 2095 3156 perpetuum
2119 3089 2353 3138 seruituris
