2808 3926
1054 389 1157 438 DE
1194 390 1728 441 INCHAFFERY.
2336 399 2395 442 41

383 539 542 606 geliste
571 540 630 589 de
665 540 939 607 Inchaffryn
972 551 1021 591 et
1054 544 1291 593 canonicis
1326 545 1501 594 ibidem
1536 546 1626 595 deo
1662 545 1972 595 seruientibus
2003 555 2051 595 et
2078 545 2315 595 seruituris
2350 547 2399 595 in

383 646 552 693 puram
587 638 634 677 et
665 637 946 695 perpetuam
977 629 1265 679 elimofinam
1299 641 1450 681 totam
1483 632 1610 682 issam
1639 643 1814 682 terram
1842 652 1934 699 que
1968 652 2045 683 me
2072 634 2306 700 contingit
2338 635 2397 683 de

383 726 506 764 terra
533 715 768 765 Johannis
800 715 882 781 filij
921 715 1089 764 Dauid
1123 735 1215 782 que
1250 719 1444 783 quidem
1478 732 1605 769 terra
1629 722 1760 786 jacet
1787 721 1912 771 inter
1947 731 2122 771 terram
2157 722 2395 787 quondam

381 804 547 853 Dauid
569 804 649 871 filij
678 804 884 854 Galfridi
907 813 955 854 et
977 813 1152 854 terram
1176 806 1360 856 abbatis
1389 817 1438 857 et
1460 819 1726 858 conuentus
1751 809 1810 859 de
1849 809 2006 859 Scona
2040 827 2184 875 quam
2218 819 2392 859 terram

381 892 646 942 Willelmus
681 892 805 941 filius
842 892 1032 941 Hawok
1061 899 1194 942 tenet
1223 893 1284 943 de
1318 912 1396 943 me
1430 902 1480 944 et
1513 896 1631 944 meis
1666 897 1917 946 aetornatis
1946 897 2030 946 fibi
2061 907 2110 947 et
2137 897 2391 947 heredibus

380 980 471 1028 suis
495 980 752 1030 tenendam
774 990 822 1029 et
843 979 1115 1029 habendam
1136 980 1220 1029 fibi
1242 990 1291 1030 et
1313 982 1641 1031 successoribus
1664 983 1755 1032 suis
1778 984 1828 1031 in
1851 994 2135 1050 perpetuum
2158 985 2226 1033 ita
2247 984 2392 1034 libere

381 1078 428 1117 et
465 1068 623 1133 quiete
658 1069 773 1116 ficut
810 1066 1000 1132 aliquod
1036 1052 1320 1133 burgagium
1355 1067 1405 1116 in
1442 1068 1552 1117 villa
1587 1070 1647 1119 de
1686 1070 1835 1120 Perth
1864 1070 2057 1120 liberius
2089 1071 2298 1136 quiecius
2332 1073 2391 1120 ab

378 1157 533 1223 aliquo
590 1167 781 1206 tenetur
828 1156 903 1206 vel
948 1156 1203 1223 poffidetur
1247 1155 1372 1205 salua
1425 1158 1742 1208 conuentione
1788 1159 1985 1225 predi&
2033 1159 2259 1208 Wiuelmi
2304 1159 2387 1225 filij

382 1245 598 1294 Hawoeh
621 1246 682 1294 de
706 1244 946 1294 sexdecim
968 1243 1123 1293 solidis
1146 1244 1206 1292 de
1230 1244 1439 1310 predi&a
1461 1253 1587 1294 terra
1616 1245 1734 1293 mihi
1765 1256 1813 1295 et
1843 1247 2094 1296 attornatis
2124 1247 2241 1296 meis
2265 1247 2324 1296 de
2347 1248 2391 1296 se

379 1344 427 1383 et
461 1333 715 1383 heredibus
749 1333 840 1382 suis
870 1333 1119 1382 annuatim
1150 1332 1407 1381 reddendis
1442 1342 1489 1382 et
1522 1332 1648 1382 saluo
1683 1334 1875 1384 seruicio
1903 1335 2086 1384 domini
2121 1335 2245 1401 regis
2282 1364 2292 1373 ·
2330 1335 2389 1384 In

379 1423 514 1487 cujus
541 1421 610 1471 rei
640 1422 961 1472 testimonium
987 1421 1099 1470 huic
1126 1421 1297 1487 scripto
1320 1420 1523 1487 figillum
1546 1439 1707 1470 meum
1729 1439 1824 1470 vna
1846 1440 1955 1471 cum
1978 1422 2124 1489 sigillo
2149 1423 2390 1472 communi

379 1511 438 1559 de
462 1510 609 1560 Perth
631 1511 808 1577 apponi
830 1511 921 1560 feei
944 1537 956 1549 ·
984 1510 1094 1559 Hiis
1117 1510 1311 1559 testibus
1330 1509 1547 1575 magistro
1573 1509 1786 1559 Roberto
1809 1510 1869 1559 de
1887 1510 2147 1577 Laycistria
2167 1539 2178 1550 ·
2199 1511 2390 1560 domino

381 1600 592 1649 Henrioo
609 1599 704 1648 filio
726 1599 930 1649 Galfridi
956 1626 968 1639 ·
992 1599 1186 1648 domino
1205 1599 1235 1648 J
1240 1598 1429 1648 ohanne
1448 1599 1507 1648 de
1526 1598 1714 1648 Batalia
1731 1625 1744 1638 ·
1763 1599 1795 1649 J
1798 1599 1984 1649 ohanne
2007 1599 2178 1665 Sokyn
2197 1626 2208 1638 ·
2229 1599 2392 1648 Dauid

380 1687 488 1754 Yep
521 1715 534 1728 ·
568 1687 786 1738 Galfrido
809 1687 870 1736 de
893 1687 1001 1737 Len
1029 1714 1042 1726 ·
1078 1687 1290 1736 Henrico
1315 1687 1375 1736 de
1401 1686 1612 1736 Bedsord
1636 1698 1683 1736 et
1707 1687 1810 1754 alijs
1844 1716 1856 1727 ·
1890 1687 2066 1737 Aenum
2089 1687 2219 1753 apud
2245 1687 2390 1736 Perth

379 1778 455 1826 die
493 1777 659 1827 Saboti
693 1777 847 1843 primo
887 1777 990 1843 post
1023 1776 1192 1826 festum
1227 1776 1369 1826 saneti
1405 1776 1628 1826 Nicholai
1664 1795 1790 1826 anno
1823 1777 1974 1844 gratie
2010 1776 2251 1826 millesimo
2289 1783 2390 1825 66ιῃο

380 1866 736 1932 quadragesimo
762 1893 774 1905 ·

383 2113 681 2196 Compositio
704 2130 828 2178 inter
852 2126 1102 2177 canonicos
1126 2136 1174 2176 et
1196 2124 1463 2176 walterum
1486 2127 1707 2193 pistorem
1731 2129 1791 2179 de
1815 2138 1942 2180 terra
1964 2130 2013 2178 in
2039 2129 2184 2180 Perth
2208 2156 2220 2170 ·

292 2324 355 2369 43
384 2291 640 2358 Omnibus
676 2307 848 2358 Christi
881 2305 1102 2356 fidelibus
1130 2306 1319 2372 presens
1346 2305 1570 2372 scriptum
1597 2305 1760 2354 visuris
1787 2305 1863 2354 vel
1889 2306 2120 2356 audituris
2153 2307 2388 2357 Walterus

376 2399 521 2465 pistor
543 2398 603 2446 de
627 2396 776 2446 Perth
807 2405 855 2445 et
887 2395 1070 2461 Hawys
1094 2394 1256 2460 sponsa
1279 2394 1359 2442 sua
1381 2393 1479 2443 filia
1501 2403 1550 2444 et
1581 2394 1717 2443 heres
1740 2395 1985 2460 quondam
2012 2395 2234 2445 Nicholai
2259 2398 2387 2463 Pape

377 2489 618 2554 burgensis
641 2487 702 2535 de
726 2485 874 2535 Perth
896 2484 1091 2534 salutem
1114 2494 1327 2533 eternam
1349 2483 1400 2531 in
1423 2483 1617 2532 domino
1653 2510 1665 2522 ·
1702 2483 1909 2533 Nouerit
1938 2485 2210 2535 vniuerfltas
2241 2487 2388 2535 vestra

378 2577 506 2643 quod
529 2594 638 2625 cum
661 2576 784 2624 inter
813 2574 937 2623 viros
964 2573 1198 2640 religiosos
1226 2573 1445 2621 abbatem
1473 2582 1522 2622 et
1549 2580 1841 2621 conuentum
1869 2572 1928 2621 de
1954 2573 2111 2622 Insula
2141 2574 2385 2628 Coifl'arum

379 2686 440 2716 ex
472 2676 607 2733 parte
637 2683 732 2714 vna
761 2674 809 2714 et
836 2682 913 2714 me
942 2673 990 2713 et
1018 2663 1230 2728 sponsam
1262 2679 1418 2711 meam
1450 2662 1711 2728 prediffstam
1742 2679 1802 2710 ex
1836 2660 1985 2711 altera
2015 2663 2152 2729 super
2180 2665 2383 2729 quadam

379 2766 503 2805 terra
520 2772 612 2820 que
633 2755 724 2804 fuit
747 2753 987 2820 quondam
1010 2751 1207 2817 preditffi
1229 2750 1453 2800 Nieholai
1477 2750 1608 2816 Pape
1631 2767 1723 2815 que
1747 2750 1939 2815 quidem
1962 2759 2089 2799 terra
2105 2753 2233 2816 jacet
2261 2752 2383 2801 inter

378 2858 554 2895 terram
578 2843 782 2893 Galfridi
804 2842 913 2892 diffl
929 2841 1086 2890 fratris
1109 2841 1140 2890 J
1143 2840 1343 2889 ohannis
1368 2839 1536 2888 decani
1558 2857 1618 2888 ex
1635 2856 1728 2887 vna
1745 2849 1879 2904 parte
1897 2848 1945 2888 et
1963 2849 2137 2888 terram
2154 2840 2379 2888 Duncani

379 2933 488 2982 dieti
519 2933 578 2981 de
610 2931 793 2982 Cellare
816 2948 960 2997 quam
982 2930 1043 2979 de
1072 2929 1205 2978 diffls
1232 2927 1452 2994 religiofls
1476 2927 1537 2976 ad
1559 2928 1744 2975 firmam
1769 2936 1899 2975 tenet
1921 2943 1980 2975 ex
2002 2926 2146 2975 altera
2169 2927 2216 2974 in
2240 2927 2378 2992 plena

379 3022 511 3070 curia
533 3021 592 3069 de
616 3020 764 3069 Perth
788 3037 946 3069 coram
968 3016 1224 3067 venerabili
1246 3026 1383 3082 patre
1406 3015 1598 3064 domino
1628 3015 1840 3063 Roberto
1868 3015 1944 3062 dei
1977 3015 2128 3080 gratia
2162 3016 2374 3080 episcopo

379 3110 702 3159 Dunblanenfi
726 3109 918 3158 domino
943 3106 1179 3155 Willelmo
1203 3105 1262 3153 de
1286 3104 1508 3157 ffiorauia
1531 3102 1676 3153 milite
1701 3114 1747 3150 et
1779 3103 1920 3150 etiam
1944 3102 2125 3150 balliuis
2150 3103 2207 3151 de
2228 3104 2372 3154 Perth

2000 3207 2027 3239 r
