2756 3926
368 386 451 429 152

369 518 575 569 Makkynr,
595 517 844 568 Reginaldus‚
858 516 951 554 xlvi.

369 583 608 626 Malcolmus,
626 583 727 620 filius
745 580 894 619 comitis
911 580 1103 627 Duncani,
1123 580 1232 619 xxiii.

369 647 577 693 Malcolmi,
595 646 685 692 filia,
703 645 805 695 regis
825 644 1056 690 Scottorum,
1075 644 1144 682 liii.

368 711 505 757 Maler,
525 710 670 760 Symon
688 710 750 754 de,
772 708 852 746 xlii.

366 774 556 820 Maleuill,
577 772 773 811 Galfridus
792 771 853 818 de,
872 783 962 809 xxv.

367 838 523 884 Malisii,
554 837 767 875 Duncanus
795 835 908 882 filius,
946 835 984 881 5,
1019 834 1056 882 8,
1090 835 1155 882 12,
1182 834 1247 882 16,
1281 835 1346 882 23,

473 900 537 946 26,
556 900 662 938 xxvi.

366 987 473 996 -—-
491 963 727 1002 Gillethoma
743 962 857 1009 filius,
878 962 916 1009 8,
935 962 1002 1001 23.

487 1027 700 1066 Willelmus
717 1027 831 1073 filius,
851 1025 933 1067 37.

365 1091 550 1138 Malisius,
569 1091 734 1129 Anecoli
751 1091 863 1138 filius,
883 1090 1016 1129 xxxiii.

495 1155 705 1194 avunculus
731 1155 880 1194 comitis
905 1152 1085 1207 (Malisii)
1118 1154 1168 1193 de
1194 1153 1346 1192 Strath-

468 1233 576 1270 eryn,
596 1219 661 1266 28,
683 1219 749 1258 35.

487 1284 676 1330 dominus,
697 1283 735 1330 4,
756 1284 795 1323 5.

486 1349 587 1386 filius
604 1348 767 1394 Anecol‚
788 1347 854 1386 58.

488 1413 589 1450 filius
606 1413 737 1459 Bricii,
755 1423 923 1462 *persona
939 1411 989 1449 de
1009 1411 1145 1457 Greffe,
1165 1409 1229 1449 19.

486 1478 586 1515 filius
605 1477 754 1515 comitis
772 1477 822 1514 de
840 1475 1083 1527 Stratheryn,
1110 1475 1175 1522 11,
1195 1474 1259 1521 12,
1279 1474 1345 1521 23,

468 1542 534 1588 33,
556 1541 621 1588 53,
642 1539 707 1587 57,
728 1541 793 1587 59,
814 1539 878 1587 68,
899 1539 966 1580 70.

488 1607 589 1644 filius
609 1605 759 1644 comitis
776 1605 948 1650 Ferteth,
969 1602 1033 1640 14.

366 1691 470 1699 —
491 1670 591 1707 fflius
617 1668 784 1707 Gfflimis
811 1667 987 1718 dapiferi,
1015 1666 1054 1713 5,
1091 1665 1156 1712 11,
1185 1664 1249 1712 16,
1278 1663 1343 1711 26,

470 1733 535 1780 67,
558 1732 623 1771 68.

483 1797 604 1836 frater
623 1795 773 1835 comitis
793 1794 963 1834 Grilberti
977 1794 1027 1832 de
1042 1792 1285 1844 Stratheryn,
1306 1792 1345 1839 5,

469 1862 533 1908 10,
555 1861 621 1908 11,
641 1860 706 1907 16,
726 1859 791 1907 26,
813 1858 877 1906 67,
898 1858 962 1906 68,
983 1857 1048 1903 73,
1065 1855 1130 1898 77.

487 1939 607 1976 nepos
633 1925 810 1974 Fergusii
835 1925 905 1962 filii
924 1922 1093 1962 Gilberti
1112 1921 1274 1961 Comitis
1293 1920 1343 1959 de

469 1990 717 2040 Stratheryn,
739 1989 803 2026 14.

486 2054 602 2104 prior,
622 2053 687 2092 29.

502 2117 731 2156 senescallus
765 2116 932 2154 Gilberti
963 2115 1114 2154 comitis
1150 2116 1201 2154 de
1238 2111 1347 2153 Stra-

467 2183 624 2233 theryn,
645 2182 682 2229 8,
699 2181 736 2228 9,
754 2181 819 2227 12,
839 2181 905 2227 19,
926 2180 992 2227 29,
1012 2180 1078 2220 59-

363 2246 662 2296 Makgillendes,
683 2246 873 2296 Gilmory,
893 2244 957 2285 57.

362 2311 457 2349 Mak
485 2311 639 2358 Gilserf,
659 2309 793 2363 (Mach
821 2307 1038 2360 Gilherue,)
1065 2309 1247 2360 Lowryn,
1277 2307 1346 2356 57,

470 2374 535 2413 64.

361 2439 569 2485 Malcolmi,
588 2439 781 2476 Henricus
799 2439 914 2485 filius,
933 2436 998 2476 66.

364 2504 602 2548 Malcolmus,
620 2504 722 2540 filius
740 2503 892 2541 comitis
905 2501 1121 2547 Dunecani,
1137 2500 1201 2542 70.

486 2571 697 2614 succentor,
714 2566 778 2606 72.

363 2630 595 2676 Malsnacht,
616 2630 681 2668 60.

363 2695 500 2742 Maria,
538 2707 676 2746 sponsa
711 2694 901 2732 Johannis
937 2694 987 2732 de
1029 2694 1057 2732 J
1059 2694 1238 2739 ohnston,
1277 2692 1341 2739 55,

473 2758 538 2797 56.

488 2824 623 2862 relicta
640 2822 808 2872 Eugenii
825 2822 896 2859 filii
917 2821 1093 2873 Oonyng‚
1112 2821 1269 2859 xxxviii.

363 2887 463 2933 Mar,
482 2887 658 2924 Morinus
676 2886 726 2932 le,
747 2883 812 2923 66.

363 2950 614 2998 Marisoallus‚
633 2950 795 2995 Alanus,
815 2945 880 2994 57,
899 2948 963 2987 58.

362 3014 539 3060 Matilda,
564 3015 644 3054 filia
666 3013 815 3053 comitis
835 3011 1006 3050 Gilberti
1030 3012 1080 3050 de
1099 3011 1341 3064 Stratheryn,

471 3076 536 3127 16,
554 3076 620 3118 26.

1079 383 1293 426 INDEX
1327 381 1669 424 NOMINUM.

1411 508 1623 560 Mare'scall,
1641 513 1785 560 Dauid,
1804 525 1894 552 xxv.

1536 577 1752 622 Gillecolm,
1772 575 1810 623 6,
1829 577 1935 615 xxiii.

1411 641 1644 691 Margareta,
1664 653 1762 678 uxor
1779 640 1966 690 Fergusii,
1985 641 2025 679 li.

1409 705 1614 752 Martinus,
1632 694 1797 743 famulus
1814 705 1934 743 Bricii
1952 706 2002 744 de
2018 705 2251 752 Ardrossan,
2270 706 2333 744 52.

1409 770 1604 820 Martyne,
1619 769 1832 807 Willelmus
1849 769 1962 816 filius,
1978 770 2044 808 33.

1410 834 1604 880 Matheus,
1624 834 1804 880 decanus,
1823 833 1887 873 69.

1411 898 1597 943 Matildis,
1608 898 1687 940 filia
1700 897 1883 936 Willelmi
1900 898 1950 936 de
1961 897 2158 948 Aubegni,
2179 896 2390 950 (comitissa

1518 963 1569 1001 de
1604 961 1867 1014 Stratheryn,)
1896 963 1934 1010 3,
1960 962 2024 1010 10,
2046 962 2111 1009 11,
2139 962 2205 1009 15,
2232 963 2296 1010 16,
2323 963 2389 1009 21,

1516 1027 1582 1074 25,
1602 1026 1667 1074 26,
1688 1025 1753 1073 67,
1774 1026 1838 1065 68.

1408 1091 1631 1138 Mauricius,
1674 1090 1892 1141 capellanus
1928 1091 2124 1129 comitisse
2153 1091 2203 1130 de
2236 1090 2390 1130 strath-

1515 1169 1624 1206 eryn,
1654 1154 1720 1194 66.

1409 1221 1614 1266 Maxtoun‚
1634 1219 1778 1266 Patrio,
1796 1218 1862 1257 lvi.
1880 1218 1960 1257 lvii.

1408 1286 1454 1323 M
1483 1314 1491 1323 .
1523 1314 1532 1323 .
1564 1314 1573 1323 .
1602 1284 1778 1330 chfenne,
1797 1282 2065 1333 Randulphus‚
2084 1283 2228 1321 xxxvii.

1407 1349 1580 1395 Mekfen‚
1601 1348 1817 1398 Philippus,
1837 1347 1938 1385 filius
1952 1347 2116 1386 Roberti
2134 1347 2196 1393 de,
2218 1346 2282 1385 60.

1533 1413 1742 1459 Robertus,
1760 1412 1862 1449 filius
1880 1412 2046 1449 Roberti
2064 1412 2127 1459 de,
2147 1411 2212 1450 60.

1531 1477 1727 1515 Robertus
1745 1476 1807 1522 de,
1824 1476 1888 1522 14,
1908 1475 1973 1522 15,
1993 1476 2060 1515 59.

1533 1541 1714 1590 Rogerus
1733 1541 1794 1586 de,
1814 1540 1880 1586 32,
1899 1540 1984 1578 xlii.

1408 1629 1513 1636 —-
1532 1604 1665 1643 Solina
1681 1617 1781 1642 uxor
1798 1604 1962 1642 Roberti
1980 1603 2042 1651 de,
2062 1604 2126 1651 15,
2145 1604 2211 1650 59,
2231 1603 2295 1642 60.

1407 1669 1615 1715 Meldrum,
1633 1668 1849 1707 Willelmus
1867 1668 1929 1714 de,
1950 1668 2015 1706 55.

1407 1732 1618 1777 Melkinch,
1640 1729 1888 1783 (Melginch,)
1907 1731 2120 1770 Duncanus
2138 1732 2200 1778 de,
2218 1731 2284 1770 44.

1535 1796 1738 1846 Philippus
1756 1796 1818 1842 de,
1838 1795 1906 1833 30.

1408 1860 1568 1904 Melros,
1587 1860 1707 1898 abbas
1725 1858 1803 1902 A.',
1823 1859 1884 1906 de,
1903 1859 2009 1897 xxix.

1531 1924 1711 1967 Wssliam,
1730 1923 1810 1961 lvii.

1407 1988 1625 2034 Meneteth,
1643 1988 1671 2026 J
1673 1988 1842 2026 ohannes
1860 1987 1923 2033 de,
1943 1986 2008 2024 24.

1544 2064 1669 2091 comes
1695 2052 1756 2099 de,
1775 2051 1959 2091 Valtcrus
1980 2050 2171 2102 Cumyng,
2191 2051 2298 2088 xxxi.
2318 2051 2386 2088 xli.

1511 2117 1604 2155 xliv.

1531 2181 1611 2219 filia
1639 2180 1790 2219 comitis
1820 2180 1883 2227 de,
1912 2192 2011 2218 uxor
2035 2179 2179 2217 Malisii
2206 2179 2256 2217 de
2281 2178 2388 2217 Stra-

1511 2245 1662 2292 therne,
1681 2245 1746 2282 liv.

1530 2310 1559 2348 J
1560 2310 1729 2348 ohannes
1748 2309 1810 2356 de,
1828 2309 2038 2348 vicecomes
2057 2307 2106 2345 de
2122 2306 2387 2353 Olacmanane,

1514 2374 1606 2412 xliv.

1405 2439 1565 2484 Mercer,
1591 2438 1799 2485 Johannes,
1823 2436 2026 2487 burgensis
2050 2436 2099 2474 de
2125 2434 2258 2481 Perth,
2277 2434 2368 2472 xliv.

1404 2503 1582 2550 Methell,
1602 2503 1771 2541 decanus
1790 2502 1851 2549 de,
1871 2501 2088 2547 Donaldus,
2108 2498 2174 2538 63.

1405 2567 1595 2614 Methfen‚
1615 2580 1780 2618 persona
1797 2567 1858 2613 de,
1874 2565 2054 2611 Michacl,
2073 2563 2138 2602 68.

1400 2632 1562 2678 Michin,
1579 2631 1746 2669 famulus
1763 2630 1883 2668 Bricii
1901 2630 1952 2668 de
1969 2628 2201 2673 Ardrossan,
2216 2625 2280 2665 52.

1404 2696 1585 2742 Monach,
1603 2695 1705 2733 filius
1722 2694 1871 2745 Alpini,
1890 2694 1956 2739 22,
1975 2692 2041 2730 44.

1405 2759 1671 2805 Montefichet,
1692 2757 1846 2810 (Monte
1866 2756 1975 2809 fixo),
1997 2755 2212 2795 Willelmus
2237 2755 2298 2801 de,
2320 2754 2383 2800 12,

1511 2823 1577 2861 xli.
1597 2823 1691 2860 xliii.

1406 2887 1619 2938 Monyhge,
1638 2890 1766 2924 rector
1784 2885 1846 2933 de,
1864 2885 1923 2932 B„
1937 2885 2002 2923 35.

1405 2951 1593 2998 Morauia,
1601 2950 1824 2989 Alexander
1835 2950 1897 2996 de,
1904 2950 1954 2988 de
1964 2948 2268 2999 Drumcyrgard,
2279 2948 2385 2986 xlvii.

1528 3014 1752 3053 Alexander
1771 3014 1833 3062 de,
1853 3013 2031 3052 dominus
2050 3013 2099 3052 de
2119 3012 2275 3064 Ogilby,
2294 3012 2385 3051 xlvi.

1507 3078 1628 3118 xlviii.
1644 3078 1673 3118 l.
