<?xml version="1.0" encoding="UTF-8"?>
<!DOCTYPE html PUBLIC "-//W3C//DTD XHTML 1.0 Transitional//EN"
    "http://www.w3.org/TR/xhtml1/DTD/xhtml1-transitional.dtd">
<html xmlns="http://www.w3.org/1999/xhtml" xml:lang="en" lang="en">
 <head>
  <title>
</title>
<meta http-equiv="Content-Type" content="text/html;charset=utf-8" />
  <meta name='ocr-system' content='tesseract 3.04.00' />
  <meta name='ocr-capabilities' content='ocr_page ocr_carea ocr_par ocr_line ocrx_word'/>
</head>
<body>
  <div class='ocr_page' id='page_1' title='image "./liberinsulemissa85inchuoft_0088.png"; bbox 0 0 2808 3926; ppageno 0'>
   <div class='ocr_carea' id='block_1_1' title="bbox 415 352 1653 404">
    <p class='ocr_par' dir='ltr' id='par_1_1' title="bbox 415 352 1653 404">
     <span class='ocr_line' id='line_1_1' title="bbox 415 352 1653 404; baseline -0.001 -2"><span class='ocrx_word' id='word_1_1' title='bbox 415 359 443 402; x_wconf 81' lang='lat'>8</span> <span class='ocrx_word' id='word_1_2' title='bbox 1176 352 1653 404; x_wconf 81' lang='lat' dir='ltr'><strong>REGISTRUM</strong></span> 
     </span>
    </p>
   </div>
   <div class='ocr_carea' id='block_1_2' title="bbox 414 506 2432 2074">
    <p class='ocr_par' dir='ltr' id='par_1_2' title="bbox 414 506 2432 2074">
     <span class='ocr_line' id='line_1_2' title="bbox 414 506 2420 574; baseline 0 -19"><span class='ocrx_word' id='word_1_3' title='bbox 414 508 678 557; x_wconf 85' lang='lat' dir='ltr'>nominatas</span> <span class='ocrx_word' id='word_1_4' title='bbox 703 518 848 557; x_wconf 88' lang='lat' dir='ltr'>terras</span> <span class='ocrx_word' id='word_1_5' title='bbox 871 509 1080 574; x_wconf 81' lang='lat' dir='ltr'>pertinet</span> <span class='ocrx_word' id='word_1_6' title='bbox 1102 508 1152 556; x_wconf 90' lang='lat' dir='ltr'>in</span> <span class='ocrx_word' id='word_1_7' title='bbox 1179 516 1464 573; x_wconf 88' lang='lat' dir='ltr'>perpetuum</span> <span class='ocrx_word' id='word_1_8' title='bbox 1492 506 1865 571; x_wconf 84' lang='lat' dir='ltr'><strong>acquietabimus</strong></span> <span class='ocrx_word' id='word_1_9' title='bbox 1908 535 1919 546; x_wconf 91' lang='lat'><strong>·</strong></span> <span class='ocrx_word' id='word_1_10' title='bbox 1960 507 2128 556; x_wconf 89' lang='lat' dir='ltr'>Preter</span> <span class='ocrx_word' id='word_1_11' title='bbox 2149 507 2238 556; x_wconf 91' lang='lat' dir='ltr'>hec</span> <span class='ocrx_word' id='word_1_12' title='bbox 2261 517 2420 556; x_wconf 85' lang='lat' dir='ltr'>autem</span> 
     </span>
     <span class='ocr_line' id='line_1_3' title="bbox 414 592 2422 661; baseline -0.001 -17"><span class='ocrx_word' id='word_1_13' title='bbox 414 595 564 661; x_wconf 88' lang='lat' dir='ltr'>adjeci</span> <span class='ocrx_word' id='word_1_14' title='bbox 586 596 648 644; x_wconf 84' lang='lat' dir='ltr'>ad</span> <span class='ocrx_word' id='word_1_15' title='bbox 668 595 899 644; x_wconf 86' lang='lat' dir='ltr'><strong>honorem</strong></span> <span class='ocrx_word' id='word_1_16' title='bbox 920 595 1019 644; x_wconf 87' lang='lat' dir='ltr'>Dei</span> <span class='ocrx_word' id='word_1_17' title='bbox 1041 604 1089 644; x_wconf 88' lang='lat' dir='ltr'>et</span> <span class='ocrx_word' id='word_1_18' title='bbox 1111 594 1460 659; x_wconf 82' lang='lat' dir='ltr'>promotionem</span> <span class='ocrx_word' id='word_1_19' title='bbox 1482 592 1574 642; x_wconf 89' lang='lat' dir='ltr'>loci</span> <span class='ocrx_word' id='word_1_20' title='bbox 1596 602 1644 642; x_wconf 88' lang='lat' dir='ltr'>et</span> <span class='ocrx_word' id='word_1_21' title='bbox 1666 593 1956 659; x_wconf 80' lang='lat' dir='ltr'>prefatorum</span> <span class='ocrx_word' id='word_1_22' title='bbox 1981 593 2314 642; x_wconf 84' lang='lat' dir='ltr'>canonicorum</span> <span class='ocrx_word' id='word_1_23' title='bbox 2335 595 2422 642; x_wconf 88' lang='lat' dir='ltr'>sus-</span> 
     </span>
     <span class='ocr_line' id='line_1_4' title="bbox 414 680 2424 746; baseline -0.001 -15"><span class='ocrx_word' id='word_1_24' title='bbox 414 683 726 732; x_wconf 77' lang='lat' dir='ltr'>tentationem</span> <span class='ocrx_word' id='word_1_25' title='bbox 749 681 986 731; x_wconf 84' lang='lat' dir='ltr'>eccleflam</span> <span class='ocrx_word' id='word_1_26' title='bbox 1013 682 1160 731; x_wconf 84' lang='lat' dir='ltr'>sancti</span> <span class='ocrx_word' id='word_1_27' title='bbox 1183 681 1377 731; x_wconf 86' lang='lat' dir='ltr'>Patricii</span> <span class='ocrx_word' id='word_1_28' title='bbox 1404 681 1464 730; x_wconf 88' lang='lat' dir='ltr'>de</span> <span class='ocrx_word' id='word_1_29' title='bbox 1491 680 1719 746; x_wconf 85' lang='lat' dir='ltr'>Strogeth</span> <span class='ocrx_word' id='word_1_30' title='bbox 1749 709 1760 719; x_wconf 92' lang='lat'><strong>·</strong></span> <span class='ocrx_word' id='word_1_31' title='bbox 1789 680 2026 730; x_wconf 85' lang='lat' dir='ltr'>ecclesiam</span> <span class='ocrx_word' id='word_1_32' title='bbox 2049 681 2195 729; x_wconf 87' lang='lat' dir='ltr'>sancti</span> <span class='ocrx_word' id='word_1_33' title='bbox 2220 680 2424 730; x_wconf 87' lang='lat' dir='ltr'>Seruani</span> 
     </span>
     <span class='ocr_line' id='line_1_5' title="bbox 415 767 2425 835; baseline -0.002 -16"><span class='ocrx_word' id='word_1_34' title='bbox 415 772 474 820; x_wconf 87' lang='lat' dir='ltr'>de</span> <span class='ocrx_word' id='word_1_35' title='bbox 505 771 753 835; x_wconf 84' lang='lat' dir='ltr'>Dunnyne</span> <span class='ocrx_word' id='word_1_36' title='bbox 789 796 800 808; x_wconf 93' lang='lat'><strong>·</strong></span> <span class='ocrx_word' id='word_1_37' title='bbox 836 768 1072 818; x_wconf 78' lang='lat' dir='ltr'>ecclesiam</span> <span class='ocrx_word' id='word_1_38' title='bbox 1101 769 1243 818; x_wconf 64' lang='lat' dir='ltr'>sancti</span> <span class='ocrx_word' id='word_1_39' title='bbox 1276 768 1471 819; x_wconf 81' lang='lat' dir='ltr'>Gattani</span> <span class='ocrx_word' id='word_1_40' title='bbox 1505 768 1566 817; x_wconf 90' lang='lat' dir='ltr'>de</span> <span class='ocrx_word' id='word_1_41' title='bbox 1603 767 1946 834; x_wconf 85' lang='lat' dir='ltr'>Abbyrothuin</span> <span class='ocrx_word' id='word_1_42' title='bbox 1972 796 1983 807; x_wconf 90' lang='lat'><strong>·</strong></span> <span class='ocrx_word' id='word_1_43' title='bbox 2016 767 2253 817; x_wconf 79' lang='lat' dir='ltr'>ecclesiam</span> <span class='ocrx_word' id='word_1_44' title='bbox 2284 768 2425 817; x_wconf 65' lang='lat' dir='ltr'>sancti</span> 
     </span>
     <span class='ocr_line' id='line_1_6' title="bbox 415 854 2425 922; baseline -0.001 -15"><span class='ocrx_word' id='word_1_45' title='bbox 415 858 697 913; x_wconf 66' lang='lat' dir='ltr'>mokhefi&#39;ok</span> <span class='ocrx_word' id='word_1_46' title='bbox 720 858 779 905; x_wconf 91' lang='lat' dir='ltr'>de</span> <span class='ocrx_word' id='word_1_47' title='bbox 805 856 1148 905; x_wconf 87' lang='lat' dir='ltr'>Ouchtirardor</span> <span class='ocrx_word' id='word_1_48' title='bbox 1178 884 1190 896; x_wconf 91' lang='lat'><strong>·</strong></span> <span class='ocrx_word' id='word_1_49' title='bbox 1227 855 1465 906; x_wconf 75' lang='lat' dir='ltr'>ecclesiam</span> <span class='ocrx_word' id='word_1_50' title='bbox 1487 855 1629 904; x_wconf 69' lang='lat' dir='ltr'>sancti</span> <span class='ocrx_word' id='word_1_51' title='bbox 1651 854 1804 904; x_wconf 87' lang='lat' dir='ltr'>Beani</span> <span class='ocrx_word' id='word_1_52' title='bbox 1827 856 1887 904; x_wconf 88' lang='lat' dir='ltr'>de</span> <span class='ocrx_word' id='word_1_53' title='bbox 1912 855 2123 922; x_wconf 85' lang='lat' dir='ltr'>Kynkell</span> <span class='ocrx_word' id='word_1_54' title='bbox 2148 884 2158 895; x_wconf 91' lang='lat'><strong>·</strong></span> <span class='ocrx_word' id='word_1_55' title='bbox 2190 856 2425 906; x_wconf 88' lang='lat' dir='ltr'>ecclefiam</span> 
     </span>
     <span class='ocr_line' id='line_1_7' title="bbox 414 943 2426 1010; baseline -0.001 -16"><span class='ocrx_word' id='word_1_56' title='bbox 414 946 553 994; x_wconf 64' lang='lat' dir='ltr'>sancti</span> <span class='ocrx_word' id='word_1_57' title='bbox 571 945 722 993; x_wconf 89' lang='lat' dir='ltr'>Beani</span> <span class='ocrx_word' id='word_1_58' title='bbox 745 945 805 993; x_wconf 85' lang='lat' dir='ltr'>de</span> <span class='ocrx_word' id='word_1_59' title='bbox 828 944 1005 993; x_wconf 85' lang='lat' dir='ltr'>Fowlis</span> <span class='ocrx_word' id='word_1_60' title='bbox 1032 973 1042 983; x_wconf 92' lang='lat'><strong>·</strong></span> <span class='ocrx_word' id='word_1_61' title='bbox 1068 944 1306 993; x_wconf 89' lang='lat' dir='ltr'>ecclefiam</span> <span class='ocrx_word' id='word_1_62' title='bbox 1328 944 1469 992; x_wconf 61' lang='lat' dir='ltr'>sancti</span> <span class='ocrx_word' id='word_1_63' title='bbox 1488 943 1751 1010; x_wconf 87' lang='lat' dir='ltr'>Iphernani</span> <span class='ocrx_word' id='word_1_64' title='bbox 1769 943 1828 991; x_wconf 88' lang='lat' dir='ltr'>de</span> <span class='ocrx_word' id='word_1_65' title='bbox 1846 943 2124 1009; x_wconf 69' lang='lat' dir='ltr'>COaddyrny</span> <span class='ocrx_word' id='word_1_66' title='bbox 2151 971 2162 982; x_wconf 89' lang='lat'><strong>·</strong></span> <span class='ocrx_word' id='word_1_67' title='bbox 2188 943 2426 993; x_wconf 76' lang='lat' dir='ltr'>ecclesiam</span> 
     </span>
     <span class='ocr_line' id='line_1_8' title="bbox 416 1029 2426 1099; baseline -0 -18"><span class='ocrx_word' id='word_1_68' title='bbox 416 1033 561 1099; x_wconf 71' lang='lat' dir='ltr'>sancti</span> <span class='ocrx_word' id='word_1_69' title='bbox 581 1032 784 1081; x_wconf 86' lang='lat' dir='ltr'>Seruani</span> <span class='ocrx_word' id='word_1_70' title='bbox 807 1032 867 1081; x_wconf 91' lang='lat' dir='ltr'>de</span> <span class='ocrx_word' id='word_1_71' title='bbox 885 1032 1188 1098; x_wconf 64' lang='lat' dir='ltr'>moydeuard</span> <span class='ocrx_word' id='word_1_72' title='bbox 1213 1060 1224 1072; x_wconf 93' lang='lat'><strong>·</strong></span> <span class='ocrx_word' id='word_1_73' title='bbox 1250 1031 1490 1081; x_wconf 88' lang='lat' dir='ltr'>ecclefiam</span> <span class='ocrx_word' id='word_1_74' title='bbox 1512 1031 1665 1080; x_wconf 66' lang='lat' dir='ltr'>sancte</span> <span class='ocrx_word' id='word_1_75' title='bbox 1684 1029 1879 1096; x_wconf 80' lang='lat' dir='ltr'>Brigide</span> <span class='ocrx_word' id='word_1_76' title='bbox 1904 1030 1963 1079; x_wconf 92' lang='lat' dir='ltr'>de</span> <span class='ocrx_word' id='word_1_77' title='bbox 1984 1030 2229 1097; x_wconf 84' lang='lat' dir='ltr'>Kylbryde</span> <span class='ocrx_word' id='word_1_78' title='bbox 2256 1058 2267 1072; x_wconf 90' lang='lat'><strong>·</strong></span> <span class='ocrx_word' id='word_1_79' title='bbox 2294 1032 2426 1080; x_wconf 91' lang='lat' dir='ltr'>Ten—</span> 
     </span>
     <span class='ocr_line' id='line_1_9' title="bbox 415 1117 2428 1186; baseline -0.002 -15"><span class='ocrx_word' id='word_1_80' title='bbox 415 1122 560 1171; x_wconf 88' lang='lat' dir='ltr'>endas</span> <span class='ocrx_word' id='word_1_81' title='bbox 576 1121 660 1169; x_wconf 87' lang='lat' dir='ltr'>fibi</span> <span class='ocrx_word' id='word_1_82' title='bbox 684 1129 734 1170; x_wconf 90' lang='lat' dir='ltr'>et</span> <span class='ocrx_word' id='word_1_83' title='bbox 757 1121 1087 1169; x_wconf 74' lang='lat' dir='ltr'>successoribus</span> <span class='ocrx_word' id='word_1_84' title='bbox 1109 1121 1201 1184; x_wconf 80' lang='lat' dir='ltr'>suis</span> <span class='ocrx_word' id='word_1_85' title='bbox 1219 1138 1329 1169; x_wconf 92' lang='lat' dir='ltr'>cum</span> <span class='ocrx_word' id='word_1_86' title='bbox 1351 1120 1488 1169; x_wconf 90' lang='lat' dir='ltr'>terris</span> <span class='ocrx_word' id='word_1_87' title='bbox 1513 1130 1561 1168; x_wconf 90' lang='lat' dir='ltr'>et</span> <span class='ocrx_word' id='word_1_88' title='bbox 1583 1119 1781 1186; x_wconf 85' lang='lat' dir='ltr'>pasturis</span> <span class='ocrx_word' id='word_1_89' title='bbox 1805 1127 1853 1167; x_wconf 90' lang='lat' dir='ltr'>et</span> <span class='ocrx_word' id='word_1_90' title='bbox 1874 1117 2111 1184; x_wconf 84' lang='lat' dir='ltr'>herbagiis</span> <span class='ocrx_word' id='word_1_91' title='bbox 2134 1127 2182 1168; x_wconf 90' lang='lat' dir='ltr'>et</span> <span class='ocrx_word' id='word_1_92' title='bbox 2205 1119 2428 1168; x_wconf 90' lang='lat' dir='ltr'>omnibus</span> 
     </span>
     <span class='ocr_line' id='line_1_10' title="bbox 414 1206 2428 1275; baseline -0.001 -17"><span class='ocrx_word' id='word_1_93' title='bbox 414 1208 516 1258; x_wconf 88' lang='lat' dir='ltr'>aliis</span> <span class='ocrx_word' id='word_1_94' title='bbox 526 1209 664 1275; x_wconf 85' lang='lat' dir='ltr'>justis</span> <span class='ocrx_word' id='word_1_95' title='bbox 683 1208 980 1272; x_wconf 84' lang='lat' dir='ltr'>pertinentiis</span> <span class='ocrx_word' id='word_1_96' title='bbox 997 1209 1089 1257; x_wconf 90' lang='lat' dir='ltr'>suis</span> <span class='ocrx_word' id='word_1_97' title='bbox 1108 1218 1156 1258; x_wconf 92' lang='lat' dir='ltr'>et</span> <span class='ocrx_word' id='word_1_98' title='bbox 1174 1208 1453 1256; x_wconf 88' lang='lat' dir='ltr'>aifiamentis</span> <span class='ocrx_word' id='word_1_99' title='bbox 1470 1208 1521 1255; x_wconf 91' lang='lat' dir='ltr'>in</span> <span class='ocrx_word' id='word_1_100' title='bbox 1538 1225 1708 1273; x_wconf 87' lang='lat' dir='ltr'>puram</span> <span class='ocrx_word' id='word_1_101' title='bbox 1725 1215 1772 1255; x_wconf 90' lang='lat' dir='ltr'>et</span> <span class='ocrx_word' id='word_1_102' title='bbox 1789 1215 2070 1272; x_wconf 86' lang='lat' dir='ltr'>perpetuam</span> <span class='ocrx_word' id='word_1_103' title='bbox 2088 1206 2428 1273; x_wconf 84' lang='lat' dir='ltr'>eleemosynam</span> 
     </span>
     <span class='ocr_line' id='line_1_11' title="bbox 415 1294 2428 1362; baseline 0 -17"><span class='ocrx_word' id='word_1_104' title='bbox 415 1298 483 1347; x_wconf 85' lang='lat' dir='ltr'>ita</span> <span class='ocrx_word' id='word_1_105' title='bbox 504 1297 650 1346; x_wconf 87' lang='lat' dir='ltr'>libere</span> <span class='ocrx_word' id='word_1_106' title='bbox 674 1306 722 1345; x_wconf 88' lang='lat' dir='ltr'>et</span> <span class='ocrx_word' id='word_1_107' title='bbox 745 1296 904 1360; x_wconf 87' lang='lat' dir='ltr'>quiete</span> <span class='ocrx_word' id='word_1_108' title='bbox 927 1296 1138 1362; x_wconf 86' lang='lat' dir='ltr'>plenarie</span> <span class='ocrx_word' id='word_1_109' title='bbox 1165 1305 1214 1345; x_wconf 91' lang='lat' dir='ltr'>et</span> <span class='ocrx_word' id='word_1_110' title='bbox 1240 1296 1499 1344; x_wconf 89' lang='lat' dir='ltr'>honorifice</span> <span class='ocrx_word' id='word_1_111' title='bbox 1526 1297 1642 1344; x_wconf 85' lang='lat' dir='ltr'>ficut</span> <span class='ocrx_word' id='word_1_112' title='bbox 1672 1294 1816 1360; x_wconf 88' lang='lat' dir='ltr'>aliqui</span> <span class='ocrx_word' id='word_1_113' title='bbox 1844 1294 2042 1361; x_wconf 79' lang='lat' dir='ltr'>religiosi</span> <span class='ocrx_word' id='word_1_114' title='bbox 2072 1295 2253 1361; x_wconf 85' lang='lat' dir='ltr'>aliquas</span> <span class='ocrx_word' id='word_1_115' title='bbox 2284 1297 2428 1346; x_wconf 85' lang='lat' dir='ltr'>eccle-</span> 
     </span>
     <span class='ocr_line' id='line_1_12' title="bbox 415 1383 2430 1450; baseline 0.001 -18"><span class='ocrx_word' id='word_1_116' title='bbox 415 1386 500 1433; x_wconf 82' lang='lat' dir='ltr'>fias</span> <span class='ocrx_word' id='word_1_117' title='bbox 523 1385 573 1432; x_wconf 92' lang='lat' dir='ltr'>in</span> <span class='ocrx_word' id='word_1_118' title='bbox 597 1393 698 1432; x_wconf 87' lang='lat' dir='ltr'>toto</span> <span class='ocrx_word' id='word_1_119' title='bbox 721 1401 868 1450; x_wconf 83' lang='lat' dir='ltr'>regno</span> <span class='ocrx_word' id='word_1_120' title='bbox 887 1384 1046 1434; x_wconf 83' lang='lat' dir='ltr'>Scotie</span> <span class='ocrx_word' id='word_1_121' title='bbox 1068 1384 1258 1433; x_wconf 89' lang='lat' dir='ltr'>liberius</span> <span class='ocrx_word' id='word_1_122' title='bbox 1281 1384 1488 1449; x_wconf 83' lang='lat' dir='ltr'>quietius</span> <span class='ocrx_word' id='word_1_123' title='bbox 1518 1383 1758 1450; x_wconf 86' lang='lat' dir='ltr'>plenarius</span> <span class='ocrx_word' id='word_1_124' title='bbox 1788 1393 1835 1431; x_wconf 86' lang='lat' dir='ltr'>et</span> <span class='ocrx_word' id='word_1_125' title='bbox 1856 1383 2246 1433; x_wconf 87' lang='lat' dir='ltr'>honorificentius</span> <span class='ocrx_word' id='word_1_126' title='bbox 2264 1394 2430 1434; x_wconf 86' lang='lat' dir='ltr'>tenent</span> 
     </span>
     <span class='ocr_line' id='line_1_13' title="bbox 416 1470 2430 1538; baseline 0 -18"><span class='ocrx_word' id='word_1_127' title='bbox 416 1482 467 1520; x_wconf 89' lang='lat' dir='ltr'>et</span> <span class='ocrx_word' id='word_1_128' title='bbox 497 1472 727 1538; x_wconf 85' lang='lat' dir='ltr'>poffident</span> <span class='ocrx_word' id='word_1_129' title='bbox 763 1489 824 1520; x_wconf 88' lang='lat' dir='ltr'>ex</span> <span class='ocrx_word' id='word_1_130' title='bbox 861 1472 986 1520; x_wconf 91' lang='lat' dir='ltr'>dono</span> <span class='ocrx_word' id='word_1_131' title='bbox 1021 1471 1218 1537; x_wconf 82' lang='lat' dir='ltr'>alicujus</span> <span class='ocrx_word' id='word_1_132' title='bbox 1248 1471 1433 1520; x_wconf 86' lang='lat' dir='ltr'>comitis</span> <span class='ocrx_word' id='word_1_133' title='bbox 1462 1470 1537 1520; x_wconf 87' lang='lat' dir='ltr'>vel</span> <span class='ocrx_word' id='word_1_134' title='bbox 1564 1471 1755 1520; x_wconf 87' lang='lat' dir='ltr'>baronis</span> <span class='ocrx_word' id='word_1_135' title='bbox 1788 1498 1800 1510; x_wconf 90' lang='lat'><strong>·</strong></span> <span class='ocrx_word' id='word_1_136' title='bbox 1832 1471 1923 1519; x_wconf 91' lang='lat' dir='ltr'>His</span> <span class='ocrx_word' id='word_1_137' title='bbox 1957 1472 2153 1520; x_wconf 84' lang='lat' dir='ltr'>testibus</span> <span class='ocrx_word' id='word_1_138' title='bbox 2184 1472 2430 1522; x_wconf 85' lang='lat' dir='ltr'>Abbraam</span> 
     </span>
     <span class='ocr_line' id='line_1_14' title="bbox 417 1561 2430 1628; baseline 0 -16"><span class='ocrx_word' id='word_1_139' title='bbox 417 1562 746 1612; x_wconf 86' lang='lat' dir='ltr'>Dunblanenfi</span> <span class='ocrx_word' id='word_1_140' title='bbox 761 1562 996 1628; x_wconf 82' lang='lat' dir='ltr'>Episcopo</span> <span class='ocrx_word' id='word_1_141' title='bbox 1013 1591 1023 1601; x_wconf 92' lang='lat'><em>·</em></span> <span class='ocrx_word' id='word_1_142' title='bbox 1035 1562 1272 1611; x_wconf 90' lang='lat' dir='ltr'>Willelmo</span> <span class='ocrx_word' id='word_1_143' title='bbox 1286 1562 1479 1611; x_wconf 88' lang='lat' dir='ltr'>Abbate</span> <span class='ocrx_word' id='word_1_144' title='bbox 1496 1562 1556 1611; x_wconf 91' lang='lat' dir='ltr'>de</span> <span class='ocrx_word' id='word_1_145' title='bbox 1574 1562 1731 1611; x_wconf 82' lang='lat' dir='ltr'>Scona</span> <span class='ocrx_word' id='word_1_146' title='bbox 1747 1589 1758 1601; x_wconf 92' lang='lat'><strong>·</strong></span> <span class='ocrx_word' id='word_1_147' title='bbox 1770 1561 1988 1612; x_wconf 81' lang='lat' dir='ltr'>Gilberto</span> <span class='ocrx_word' id='word_1_148' title='bbox 2007 1562 2355 1612; x_wconf 86' lang='lat' dir='ltr'>Archidiacono</span> <span class='ocrx_word' id='word_1_149' title='bbox 2371 1564 2430 1612; x_wconf 90' lang='lat' dir='ltr'>de</span> 
     </span>
     <span class='ocr_line' id='line_1_15' title="bbox 422 1650 2430 1717; baseline 0 -17"><span class='ocrx_word' id='word_1_150' title='bbox 422 1652 707 1717; x_wconf 85' lang='lat' dir='ltr'>Stratheryn</span> <span class='ocrx_word' id='word_1_151' title='bbox 733 1679 743 1690; x_wconf 94' lang='lat'><strong>·</strong></span> <span class='ocrx_word' id='word_1_152' title='bbox 771 1652 985 1699; x_wconf 87' lang='lat' dir='ltr'>Roberto</span> <span class='ocrx_word' id='word_1_153' title='bbox 1005 1677 1016 1688; x_wconf 94' lang='lat'><strong>·</strong></span> <span class='ocrx_word' id='word_1_154' title='bbox 1035 1650 1256 1717; x_wconf 87' lang='lat' dir='ltr'>Fergufio</span> <span class='ocrx_word' id='word_1_155' title='bbox 1276 1677 1288 1690; x_wconf 89' lang='lat'><strong>·</strong></span> <span class='ocrx_word' id='word_1_156' title='bbox 1305 1650 1489 1705; x_wconf 68' lang='lat' dir='ltr'>mansio</span> <span class='ocrx_word' id='word_1_157' title='bbox 1510 1678 1521 1690; x_wconf 89' lang='lat'><strong>·</strong></span> <span class='ocrx_word' id='word_1_158' title='bbox 1545 1650 1766 1700; x_wconf 80' lang='lat' dir='ltr'>Grilberto</span> <span class='ocrx_word' id='word_1_159' title='bbox 1789 1650 1895 1699; x_wconf 88' lang='lat' dir='ltr'>filiis</span> <span class='ocrx_word' id='word_1_160' title='bbox 1918 1650 2037 1699; x_wconf 88' lang='lat' dir='ltr'>meis</span> <span class='ocrx_word' id='word_1_161' title='bbox 2056 1678 2065 1688; x_wconf 95' lang='lat'><strong>·</strong></span> <span class='ocrx_word' id='word_1_162' title='bbox 2083 1651 2265 1705; x_wconf 64' lang='lat' dir='ltr'>malifio</span> <span class='ocrx_word' id='word_1_163' title='bbox 2287 1653 2430 1701; x_wconf 86' lang='lat' dir='ltr'>senes-</span> 
     </span>
     <span class='ocr_line' id='line_1_16' title="bbox 419 1739 2430 1806; baseline -0 -16"><span class='ocrx_word' id='word_1_164' title='bbox 419 1740 536 1790; x_wconf 84' lang='lat' dir='ltr'>callo</span> <span class='ocrx_word' id='word_1_165' title='bbox 559 1758 666 1789; x_wconf 88' lang='lat' dir='ltr'>meo</span> <span class='ocrx_word' id='word_1_166' title='bbox 691 1768 702 1779; x_wconf 89' lang='lat'><strong>·</strong></span> <span class='ocrx_word' id='word_1_167' title='bbox 723 1740 880 1788; x_wconf 89' lang='lat' dir='ltr'>Bricio</span> <span class='ocrx_word' id='word_1_168' title='bbox 903 1740 1099 1806; x_wconf 86' lang='lat' dir='ltr'>persona</span> <span class='ocrx_word' id='word_1_169' title='bbox 1122 1740 1180 1788; x_wconf 91' lang='lat' dir='ltr'>de</span> <span class='ocrx_word' id='word_1_170' title='bbox 1207 1739 1362 1789; x_wconf 85' lang='lat' dir='ltr'>Greffe</span> <span class='ocrx_word' id='word_1_171' title='bbox 1391 1768 1401 1778; x_wconf 90' lang='lat'><strong>·</strong></span> <span class='ocrx_word' id='word_1_172' title='bbox 1426 1740 1690 1789; x_wconf 83' lang='lat' dir='ltr'>Donecano</span> <span class='ocrx_word' id='word_1_173' title='bbox 1714 1749 1763 1789; x_wconf 89' lang='lat' dir='ltr'>et</span> <span class='ocrx_word' id='word_1_174' title='bbox 1787 1739 2080 1789; x_wconf 81' lang='lat' dir='ltr'>Gillethoma</span> <span class='ocrx_word' id='word_1_175' title='bbox 2099 1739 2207 1788; x_wconf 90' lang='lat' dir='ltr'>filiis</span> <span class='ocrx_word' id='word_1_176' title='bbox 2230 1741 2399 1795; x_wconf 79' lang='lat' dir='ltr'>coalifii</span> <span class='ocrx_word' id='word_1_177' title='bbox 2419 1770 2430 1780; x_wconf 90' lang='lat'><strong>·</strong></span> 
     </span>
     <span class='ocr_line' id='line_1_17' title="bbox 418 1827 2431 1894; baseline 0 -18"><span class='ocrx_word' id='word_1_178' title='bbox 418 1828 682 1877; x_wconf 87' lang='lat' dir='ltr'>Donecano</span> <span class='ocrx_word' id='word_1_179' title='bbox 709 1827 807 1876; x_wconf 92' lang='lat' dir='ltr'>filio</span> <span class='ocrx_word' id='word_1_180' title='bbox 830 1828 979 1876; x_wconf 90' lang='lat' dir='ltr'>Brani</span> <span class='ocrx_word' id='word_1_181' title='bbox 1011 1856 1022 1866; x_wconf 93' lang='lat'><strong>·</strong></span> <span class='ocrx_word' id='word_1_182' title='bbox 1055 1827 1247 1877; x_wconf 85' lang='lat' dir='ltr'>Gilcrist</span> <span class='ocrx_word' id='word_1_183' title='bbox 1274 1827 1372 1876; x_wconf 90' lang='lat' dir='ltr'>filio</span> <span class='ocrx_word' id='word_1_184' title='bbox 1395 1828 1574 1894; x_wconf 87' lang='lat' dir='ltr'>judicis</span> <span class='ocrx_word' id='word_1_185' title='bbox 1601 1829 1660 1878; x_wconf 90' lang='lat' dir='ltr'>de</span> <span class='ocrx_word' id='word_1_186' title='bbox 1687 1828 1973 1894; x_wconf 72' lang='lat' dir='ltr'>Stratheryn</span> <span class='ocrx_word' id='word_1_187' title='bbox 2004 1856 2014 1866; x_wconf 92' lang='lat'><strong>·</strong></span> <span class='ocrx_word' id='word_1_188' title='bbox 2049 1828 2262 1877; x_wconf 90' lang='lat' dir='ltr'>Henrico</span> <span class='ocrx_word' id='word_1_189' title='bbox 2297 1829 2431 1878; x_wconf 90' lang='lat' dir='ltr'>Ren-</span> 
     </span>
     <span class='ocr_line' id='line_1_18' title="bbox 420 1916 2432 1983; baseline -0 -18"><span class='ocrx_word' id='word_1_190' title='bbox 420 1918 551 1966; x_wconf 84' lang='lat' dir='ltr'>nario</span> <span class='ocrx_word' id='word_1_191' title='bbox 574 1935 681 1966; x_wconf 89' lang='lat' dir='ltr'>meo</span> <span class='ocrx_word' id='word_1_192' title='bbox 716 1945 725 1955; x_wconf 93' lang='lat'><strong>·</strong></span> <span class='ocrx_word' id='word_1_193' title='bbox 756 1916 997 1966; x_wconf 85' lang='lat' dir='ltr'>Trestram</span> <span class='ocrx_word' id='word_1_194' title='bbox 1018 1916 1115 1965; x_wconf 86' lang='lat' dir='ltr'>filio</span> <span class='ocrx_word' id='word_1_195' title='bbox 1140 1917 1380 1965; x_wconf 84' lang='lat' dir='ltr'>Trestram</span> <span class='ocrx_word' id='word_1_196' title='bbox 1412 1945 1423 1955; x_wconf 93' lang='lat'><strong>·</strong></span> <span class='ocrx_word' id='word_1_197' title='bbox 1451 1916 1763 1967; x_wconf 81' lang='lat' dir='ltr'>Constantino</span> <span class='ocrx_word' id='word_1_198' title='bbox 1788 1917 1998 1983; x_wconf 87' lang='lat' dir='ltr'>dapifero</span> <span class='ocrx_word' id='word_1_199' title='bbox 2029 1944 2040 1956; x_wconf 88' lang='lat'><strong>·</strong></span> <span class='ocrx_word' id='word_1_200' title='bbox 2066 1916 2314 1966; x_wconf 87' lang='lat' dir='ltr'>Thebaldo</span> <span class='ocrx_word' id='word_1_201' title='bbox 2339 1917 2432 1965; x_wconf 87' lang='lat' dir='ltr'>dis-</span> 
     </span>
     <span class='ocr_line' id='line_1_19' title="bbox 420 2005 1179 2074; baseline -0.004 -17"><span class='ocrx_word' id='word_1_202' title='bbox 420 2006 633 2074; x_wconf 86' lang='lat' dir='ltr'>pensario</span> <span class='ocrx_word' id='word_1_203' title='bbox 655 2025 761 2056; x_wconf 87' lang='lat' dir='ltr'>meo</span> <span class='ocrx_word' id='word_1_204' title='bbox 786 2016 834 2056; x_wconf 91' lang='lat' dir='ltr'>et</span> <span class='ocrx_word' id='word_1_205' title='bbox 856 2006 1017 2055; x_wconf 91' lang='lat' dir='ltr'>multis</span> <span class='ocrx_word' id='word_1_206' title='bbox 1041 2005 1144 2055; x_wconf 85' lang='lat' dir='ltr'>aliis</span> <span class='ocrx_word' id='word_1_207' title='bbox 1169 2034 1179 2045; x_wconf 92' lang='lat'><strong>·</strong></span> 
     </span>
    </p>
   </div>
   <div class='ocr_carea' id='block_1_3' title="bbox 426 2257 1524 2339">
    <p class='ocr_par' dir='ltr' id='par_1_3' title="bbox 426 2257 1524 2339">
     <span class='ocr_line' id='line_1_20' title="bbox 426 2257 1524 2339; baseline -0.002 -15"><span class='ocrx_word' id='word_1_208' title='bbox 426 2257 521 2324; x_wconf 86' lang='lat' dir='ltr'>De</span> <span class='ocrx_word' id='word_1_209' title='bbox 543 2273 763 2323; x_wconf 78' lang='lat' dir='ltr'>libertate</span> <span class='ocrx_word' id='word_1_210' title='bbox 785 2273 974 2339; x_wconf 88' lang='lat' dir='ltr'>proprie</span> <span class='ocrx_word' id='word_1_211' title='bbox 998 2273 1128 2323; x_wconf 86' lang='lat' dir='ltr'>curie</span> <span class='ocrx_word' id='word_1_212' title='bbox 1153 2273 1489 2323; x_wconf 88' lang='lat' dir='ltr'>canonicorum</span> <span class='ocrx_word' id='word_1_213' title='bbox 1513 2300 1524 2312; x_wconf 93' lang='lat'><strong>·</strong></span> 
     </span>
    </p>
   </div>
   <div class='ocr_carea' id='block_1_4' title="bbox 371 2434 2438 3140">
    <p class='ocr_par' dir='ltr' id='par_1_4' title="bbox 371 2434 2436 2964">
     <span class='ocr_line' id='line_1_21' title="bbox 371 2434 2434 2518; baseline 0 -18"><span class='ocrx_word' id='word_1_214' title='bbox 371 2457 403 2499; x_wconf 75' lang='lat'><em>4</em></span> <span class='ocrx_word' id='word_1_215' title='bbox 431 2434 689 2500; x_wconf 75' lang='lat' dir='ltr'>Gilbertus</span> <span class='ocrx_word' id='word_1_216' title='bbox 711 2451 836 2500; x_wconf 90' lang='lat' dir='ltr'>filius</span> <span class='ocrx_word' id='word_1_217' title='bbox 859 2451 1059 2501; x_wconf 86' lang='lat' dir='ltr'>Ferteth</span> <span class='ocrx_word' id='word_1_218' title='bbox 1081 2469 1238 2501; x_wconf 87' lang='lat' dir='ltr'>comes</span> <span class='ocrx_word' id='word_1_219' title='bbox 1261 2452 1321 2500; x_wconf 90' lang='lat' dir='ltr'>de</span> <span class='ocrx_word' id='word_1_220' title='bbox 1348 2451 1633 2518; x_wconf 81' lang='lat' dir='ltr'>Stratheryn</span> <span class='ocrx_word' id='word_1_221' title='bbox 1656 2440 1876 2499; x_wconf 84' lang='lat' dir='ltr'>omnibus</span> <span class='ocrx_word' id='word_1_222' title='bbox 1903 2451 2069 2500; x_wconf 89' lang='lat' dir='ltr'>amicis</span> <span class='ocrx_word' id='word_1_223' title='bbox 2097 2452 2188 2500; x_wconf 88' lang='lat' dir='ltr'>suis</span> <span class='ocrx_word' id='word_1_224' title='bbox 2212 2461 2259 2500; x_wconf 90' lang='lat' dir='ltr'>et</span> <span class='ocrx_word' id='word_1_225' title='bbox 2280 2451 2434 2501; x_wconf 89' lang='lat' dir='ltr'>homi-</span> 
     </span>
     <span class='ocr_line' id='line_1_22' title="bbox 426 2539 2435 2605; baseline 0.001 -17"><span class='ocrx_word' id='word_1_226' title='bbox 426 2541 565 2589; x_wconf 90' lang='lat' dir='ltr'>nibus</span> <span class='ocrx_word' id='word_1_227' title='bbox 594 2539 681 2589; x_wconf 87' lang='lat' dir='ltr'>has</span> <span class='ocrx_word' id='word_1_228' title='bbox 711 2539 868 2589; x_wconf 83' lang='lat' dir='ltr'>literas</span> <span class='ocrx_word' id='word_1_229' title='bbox 890 2540 1051 2588; x_wconf 88' lang='lat' dir='ltr'>visuris</span> <span class='ocrx_word' id='word_1_230' title='bbox 1073 2540 1148 2589; x_wconf 85' lang='lat' dir='ltr'>vel</span> <span class='ocrx_word' id='word_1_231' title='bbox 1171 2540 1400 2592; x_wconf 83' lang='lat' dir='ltr'>audituris</span> <span class='ocrx_word' id='word_1_232' title='bbox 1423 2540 1616 2589; x_wconf 87' lang='lat' dir='ltr'>salutem</span> <span class='ocrx_word' id='word_1_233' title='bbox 1647 2568 1659 2579; x_wconf 91' lang='lat'><strong>·</strong></span> <span class='ocrx_word' id='word_1_234' title='bbox 1693 2539 1863 2590; x_wconf 83' lang='lat' dir='ltr'>Sciatis</span> <span class='ocrx_word' id='word_1_235' title='bbox 1886 2540 2014 2605; x_wconf 89' lang='lat' dir='ltr'>quod</span> <span class='ocrx_word' id='word_1_236' title='bbox 2037 2540 2148 2589; x_wconf 86' lang='lat' dir='ltr'>dedi</span> <span class='ocrx_word' id='word_1_237' title='bbox 2171 2551 2220 2590; x_wconf 88' lang='lat' dir='ltr'>et</span> <span class='ocrx_word' id='word_1_238' title='bbox 2242 2543 2435 2591; x_wconf 85' lang='lat' dir='ltr'>conceffi</span> 
     </span>
     <span class='ocr_line' id='line_1_23' title="bbox 427 2627 2435 2694; baseline 0 -17"><span class='ocrx_word' id='word_1_239' title='bbox 427 2629 538 2678; x_wconf 93' lang='lat' dir='ltr'>Deo</span> <span class='ocrx_word' id='word_1_240' title='bbox 573 2637 621 2677; x_wconf 88' lang='lat' dir='ltr'>et</span> <span class='ocrx_word' id='word_1_241' title='bbox 656 2628 815 2677; x_wconf 74' lang='lat' dir='ltr'>sancto</span> <span class='ocrx_word' id='word_1_242' title='bbox 847 2628 1060 2678; x_wconf 87' lang='lat' dir='ltr'>Johanni</span> <span class='ocrx_word' id='word_1_243' title='bbox 1097 2629 1157 2677; x_wconf 89' lang='lat' dir='ltr'>de</span> <span class='ocrx_word' id='word_1_244' title='bbox 1194 2628 1451 2694; x_wconf 89' lang='lat' dir='ltr'>Inchafyrn</span> <span class='ocrx_word' id='word_1_245' title='bbox 1485 2637 1534 2677; x_wconf 88' lang='lat' dir='ltr'>et</span> <span class='ocrx_word' id='word_1_246' title='bbox 1569 2627 1722 2677; x_wconf 91' lang='lat' dir='ltr'>Priori</span> <span class='ocrx_word' id='word_1_247' title='bbox 1755 2637 1804 2676; x_wconf 91' lang='lat' dir='ltr'>et</span> <span class='ocrx_word' id='word_1_248' title='bbox 1838 2627 2075 2676; x_wconf 87' lang='lat' dir='ltr'>canonicis</span> <span class='ocrx_word' id='word_1_249' title='bbox 2111 2628 2289 2677; x_wconf 89' lang='lat' dir='ltr'>ibidem</span> <span class='ocrx_word' id='word_1_250' title='bbox 2326 2629 2435 2679; x_wconf 90' lang='lat' dir='ltr'>Deo</span> 
     </span>
     <span class='ocr_line' id='line_1_24' title="bbox 427 2716 2435 2784; baseline 0 -17"><span class='ocrx_word' id='word_1_251' title='bbox 427 2717 733 2768; x_wconf 85' lang='lat' dir='ltr'>servientibus</span> <span class='ocrx_word' id='word_1_252' title='bbox 756 2727 804 2766; x_wconf 88' lang='lat' dir='ltr'>et</span> <span class='ocrx_word' id='word_1_253' title='bbox 826 2717 1061 2766; x_wconf 87' lang='lat' dir='ltr'>servituris</span> <span class='ocrx_word' id='word_1_254' title='bbox 1082 2716 1206 2766; x_wconf 86' lang='lat' dir='ltr'>hanc</span> <span class='ocrx_word' id='word_1_255' title='bbox 1227 2716 1494 2766; x_wconf 87' lang='lat' dir='ltr'>libertatem</span> <span class='ocrx_word' id='word_1_256' title='bbox 1511 2717 1561 2766; x_wconf 89' lang='lat' dir='ltr'>in</span> <span class='ocrx_word' id='word_1_257' title='bbox 1578 2735 1746 2784; x_wconf 91' lang='lat' dir='ltr'>puram</span> <span class='ocrx_word' id='word_1_258' title='bbox 1769 2726 1819 2766; x_wconf 92' lang='lat' dir='ltr'>et</span> <span class='ocrx_word' id='word_1_259' title='bbox 1840 2727 2118 2783; x_wconf 86' lang='lat' dir='ltr'>perpetuam</span> <span class='ocrx_word' id='word_1_260' title='bbox 2141 2716 2435 2767; x_wconf 79' lang='lat' dir='ltr'>elemosinam</span> 
     </span>
     <span class='ocr_line' id='line_1_25' title="bbox 429 2802 2436 2872; baseline 0 -16"><span class='ocrx_word' id='word_1_261' title='bbox 429 2818 484 2856; x_wconf 92' lang='lat' dir='ltr'>ut</span> <span class='ocrx_word' id='word_1_262' title='bbox 519 2825 630 2856; x_wconf 92' lang='lat' dir='ltr'>cum</span> <span class='ocrx_word' id='word_1_263' title='bbox 665 2807 823 2872; x_wconf 89' lang='lat' dir='ltr'>aliqua</span> <span class='ocrx_word' id='word_1_264' title='bbox 856 2806 1046 2872; x_wconf 86' lang='lat' dir='ltr'>querela</span> <span class='ocrx_word' id='word_1_265' title='bbox 1079 2824 1171 2872; x_wconf 87' lang='lat' dir='ltr'>que</span> <span class='ocrx_word' id='word_1_266' title='bbox 1205 2807 1269 2855; x_wconf 86' lang='lat' dir='ltr'>ad</span> <span class='ocrx_word' id='word_1_267' title='bbox 1302 2807 1482 2855; x_wconf 90' lang='lat' dir='ltr'>curiam</span> <span class='ocrx_word' id='word_1_268' title='bbox 1516 2824 1672 2856; x_wconf 89' lang='lat' dir='ltr'>meam</span> <span class='ocrx_word' id='word_1_269' title='bbox 1709 2807 1851 2856; x_wconf 88' lang='lat' dir='ltr'>debet</span> <span class='ocrx_word' id='word_1_270' title='bbox 1886 2802 2109 2872; x_wconf 85' lang='lat' dir='ltr'>spectare</span> <span class='ocrx_word' id='word_1_271' title='bbox 2131 2816 2262 2855; x_wconf 88' lang='lat' dir='ltr'>mota</span> <span class='ocrx_word' id='word_1_272' title='bbox 2293 2807 2436 2857; x_wconf 82' lang='lat' dir='ltr'>fuerit</span> 
     </span>
     <span class='ocr_line' id='line_1_26' title="bbox 428 2894 2436 2964; baseline 0 -18"><span class='ocrx_word' id='word_1_273' title='bbox 428 2899 566 2964; x_wconf 90' lang='lat' dir='ltr'>super</span> <span class='ocrx_word' id='word_1_274' title='bbox 592 2894 802 2962; x_wconf 66' lang='lat' dir='ltr'>&#39;aliquem</span> <span class='ocrx_word' id='word_1_275' title='bbox 828 2895 1073 2945; x_wconf 86' lang='lat' dir='ltr'>hominem</span> <span class='ocrx_word' id='word_1_276' title='bbox 1093 2905 1369 2945; x_wconf 86' lang='lat' dir='ltr'>manentem</span> <span class='ocrx_word' id='word_1_277' title='bbox 1399 2896 1450 2945; x_wconf 91' lang='lat' dir='ltr'>in</span> <span class='ocrx_word' id='word_1_278' title='bbox 1479 2897 1617 2946; x_wconf 88' lang='lat' dir='ltr'>terris</span> <span class='ocrx_word' id='word_1_279' title='bbox 1648 2914 1814 2946; x_wconf 86' lang='lat' dir='ltr'>eorum</span> <span class='ocrx_word' id='word_1_280' title='bbox 1843 2913 1943 2945; x_wconf 90' lang='lat' dir='ltr'>non</span> <span class='ocrx_word' id='word_1_281' title='bbox 1967 2896 2183 2945; x_wconf 86' lang='lat' dir='ltr'>trahatur</span> <span class='ocrx_word' id='word_1_282' title='bbox 2213 2897 2272 2945; x_wconf 88' lang='lat' dir='ltr'>de</span> <span class='ocrx_word' id='word_1_283' title='bbox 2301 2897 2436 2946; x_wconf 88' lang='lat' dir='ltr'>terris</span> 
     </span>
    </p>

    <p class='ocr_par' dir='ltr' id='par_1_5' title="bbox 385 2983 2438 3140">
     <span class='ocr_line' id='line_1_27' title="bbox 385 2983 2438 3060; baseline 0 -26"><span class='ocrx_word' id='word_1_284' title='bbox 385 3043 402 3060; x_wconf 43' lang='lat'><em>⁶</em></span> <span class='ocrx_word' id='word_1_285' title='bbox 430 3003 596 3035; x_wconf 91' lang='lat' dir='ltr'>eorum</span> <span class='ocrx_word' id='word_1_286' title='bbox 618 2985 681 3034; x_wconf 87' lang='lat' dir='ltr'>ad</span> <span class='ocrx_word' id='word_1_287' title='bbox 700 2984 1082 3050; x_wconf 85' lang='lat' dir='ltr'>respondendum</span> <span class='ocrx_word' id='word_1_288' title='bbox 1105 2983 1216 3032; x_wconf 87' lang='lat' dir='ltr'>alibi</span> <span class='ocrx_word' id='word_1_289' title='bbox 1232 2984 1311 3033; x_wconf 85' lang='lat' dir='ltr'>sed</span> <span class='ocrx_word' id='word_1_290' title='bbox 1327 2992 1525 3034; x_wconf 83' lang='lat' dir='ltr'>teneant</span> <span class='ocrx_word' id='word_1_291' title='bbox 1546 2984 1693 3034; x_wconf 89' lang='lat' dir='ltr'>libere</span> <span class='ocrx_word' id='word_1_292' title='bbox 1716 2984 1890 3051; x_wconf 88' lang='lat' dir='ltr'>placita</span> <span class='ocrx_word' id='word_1_293' title='bbox 1910 2984 1990 3033; x_wconf 90' lang='lat' dir='ltr'>sua</span> <span class='ocrx_word' id='word_1_294' title='bbox 2011 2984 2220 3049; x_wconf 88' lang='lat' dir='ltr'>prefatus</span> <span class='ocrx_word' id='word_1_295' title='bbox 2236 2984 2379 3034; x_wconf 66' lang='lat' dir='ltr'>Prior:</span> <span class='ocrx_word' id='word_1_296' title='bbox 2390 2995 2438 3034; x_wconf 88' lang='lat' dir='ltr'>et</span> 
     </span>
     <span class='ocr_line' id='line_1_28' title="bbox 433 3073 2435 3140; baseline -0 -17"><span class='ocrx_word' id='word_1_297' title='bbox 433 3073 645 3124; x_wconf 88' lang='lat' dir='ltr'>canonici</span> <span class='ocrx_word' id='word_1_298' title='bbox 667 3074 718 3122; x_wconf 91' lang='lat' dir='ltr'>in</span> <span class='ocrx_word' id='word_1_299' title='bbox 741 3082 866 3122; x_wconf 86' lang='lat' dir='ltr'>terra</span> <span class='ocrx_word' id='word_1_300' title='bbox 891 3073 972 3122; x_wconf 85' lang='lat' dir='ltr'>sua.</span> <span class='ocrx_word' id='word_1_301' title='bbox 1000 3073 1267 3139; x_wconf 88' lang='lat' dir='ltr'>vbicunque</span> <span class='ocrx_word' id='word_1_302' title='bbox 1297 3073 1535 3123; x_wconf 88' lang='lat' dir='ltr'>voluerint</span> <span class='ocrx_word' id='word_1_303' title='bbox 1563 3083 1611 3123; x_wconf 87' lang='lat' dir='ltr'>et</span> <span class='ocrx_word' id='word_1_304' title='bbox 1637 3091 1724 3140; x_wconf 88' lang='lat' dir='ltr'>per</span> <span class='ocrx_word' id='word_1_305' title='bbox 1751 3074 2050 3139; x_wconf 87' lang='lat' dir='ltr'>quoscunque</span> <span class='ocrx_word' id='word_1_306' title='bbox 2078 3074 2146 3123; x_wconf 88' lang='lat' dir='ltr'>eis</span> <span class='ocrx_word' id='word_1_307' title='bbox 2172 3073 2400 3139; x_wconf 84' lang='lat' dir='ltr'>placuerit</span> <span class='ocrx_word' id='word_1_308' title='bbox 2423 3100 2435 3112; x_wconf 92' lang='lat'><strong>·</strong></span> 
     </span>
    </p>
   </div>
  </div>
 </body>
</html>
