2808 3926
499 385 559 431 16
1255 381 1731 432 REGISTRUM

494 537 630 586 bosco
658 547 704 585 et
731 537 873 603 plano
904 538 953 584 in
981 537 1116 586 terris
1146 548 1194 585 et
1222 536 1356 601 aquis
1384 536 1434 583 in
1461 535 1610 601 pratis
1638 544 1686 584 et
1712 535 1893 600 pascuis
1917 534 1967 582 in
1990 536 2130 589 cooris
2154 544 2202 584 et
2224 536 2422 590 ‹oarefiis
2446 537 2496 584 in

494 626 686 691 petariis
718 635 765 674 et
792 625 982 673 viuariis
1009 625 1059 673 in
1086 624 1260 690 stagnis
1284 634 1332 673 et
1355 623 1638 673 molendinis
1662 631 1710 672 et
1733 623 1953 671 omnibus
1976 622 2076 671 aliis
2094 623 2231 688 justis
2254 624 2496 689 pertinen-

494 716 570 763 tiis
604 715 694 763 suis
730 723 777 763 et
812 732 919 763 cum
957 714 1176 763 omnibus
1211 713 1313 762 aliis
1347 712 1611 762 afiamentis
1645 712 1708 761 ad
1741 711 1978 778 predictas
2014 721 2162 760 terras
2190 713 2313 779 juste
2348 713 2498 776 perti-

492 803 713 852 nentibus
740 802 885 851 libere
920 812 967 851 et
995 803 1152 867 quiete
1179 801 1390 868 plenarie
1419 809 1467 851 et
1493 800 1751 850 honorifice
1778 801 1837 849 ab
1866 800 1996 849 omni
2023 799 2196 849 auxilio
2224 810 2272 849 et
2304 799 2497 849 seruicio

491 901 537 939 et
571 890 904 939 consuetudine
950 899 997 938 et
1030 889 1221 939 seculari
1262 888 1502 939 exastione
1553 917 1564 927 ·
1613 887 1777 945 Quare
1814 887 1920 936 volo
1959 897 2012 936 vt
2051 887 2249 954 predicti
2283 887 2498 936 canonici

489 977 720 1043 predifflas
754 987 903 1026 terras
938 995 1024 1044 per
1054 979 1202 1027 rectas
1234 977 1406 1026 diuisas
1437 977 1540 1025 suas
1572 985 1620 1026 et
1652 993 1761 1024 cum
1785 975 2004 1024 omnibus
2030 975 2168 1041 justis
2191 975 2496 1041 pertinenciis

487 1066 578 1113 suis
615 1065 682 1114 ita
719 1064 864 1114 libere
899 1075 947 1114 et
981 1065 1141 1129 quiete
1180 1065 1389 1131 plenarie
1426 1074 1474 1114 et
1510 1063 1768 1113 honorifice
1804 1063 1856 1111 in
1891 1062 2088 1112 liberam
2123 1072 2171 1111 et
2206 1062 2413 1127 quietam
2448 1073 2496 1112 et

486 1170 657 1218 puram
674 1162 722 1201 et
739 1161 1021 1218 perpetuam
1045 1152 1329 1202 elimosinam
1353 1152 1559 1201 habeant
1582 1161 1630 1200 et
1653 1151 1912 1217 poffideant
1934 1152 2050 1199 ficut
2072 1149 2228 1215 aliqua
2251 1149 2497 1199 elemosina

487 1241 536 1287 in
564 1257 710 1305 regno
742 1239 903 1288 Scotie
935 1239 994 1288 de
1029 1238 1187 1304 aliquo
1215 1239 1386 1288 comite
1413 1238 1605 1288 liberius
1637 1249 1685 1288 et
1709 1239 1912 1304 quietius
1936 1238 2174 1304 plenarius
2198 1248 2246 1287 et
2268 1238 2496 1287 honorifi-

487 1329 669 1378 centius
693 1337 882 1378 tenetur
906 1337 954 1377 et
976 1327 1230 1394 poflidetur
1259 1354 1272 1367 ·
1310 1328 1420 1376 Hiis
1444 1329 1637 1377 testibus
1661 1328 1693 1377 J
1695 1328 1870 1377 onatha
1891 1327 2125 1394 Episcopo
2148 1327 2457 1377 dunblanenfi
2483 1354 2494 1367 ·

487 1420 545 1473 CO
570 1446 581 1457 ·
609 1417 834 1466 comitifl'a
856 1418 915 1466 de
942 1417 1228 1484 Stratheryn
1253 1444 1263 1456 ·
1289 1417 1472 1472 COalifio
1499 1417 1644 1466 fratre
1675 1417 1860 1467 comitis
1891 1446 1902 1456 ·
1938 1417 2126 1466 fferteth
2149 1416 2245 1465 filio
2270 1417 2454 1466 comitis
2481 1444 2492 1456 ·

486 1506 692 1559 matilda
714 1506 810 1555 filia
832 1507 1016 1556 comitis
1051 1532 1064 1546 ·
1101 1507 1324 1556 Johanne
1346 1506 1698 1556 Archidiacono
1728 1533 1740 1546 ·
1768 1506 1982 1555 Abraam
2005 1505 2247 1572 capellano
2271 1506 2454 1554 comitis
2480 1533 2492 1545 ·

488 1596 820 1661 Gilyhenanof
849 1595 1062 1661 dapifero
1097 1596 1281 1645 comitis
1315 1624 1327 1635 ·
1362 1595 1534 1651 coalifio
1568 1595 1665 1644 filio
1699 1596 1779 1645 suo
1813 1623 1824 1634 ·
1858 1595 2076 1645 Grilberto
2110 1595 2230 1644 socio
2271 1595 2454 1644 comitis
2480 1624 2491 1633 ·

486 1685 795 1734 Constantino
819 1683 992 1733 Judice
1019 1710 1029 1721 ·
1058 1683 1315 1733 Gillibreth
1336 1712 1346 1723 ·
1372 1683 1558 1734 Anecol
1581 1684 1640 1733 de
1666 1684 1851 1751 Dunyn
1870 1710 1881 1722 ·
1907 1684 2148 1733 Duncano
2171 1683 2268 1733 filio
2291 1683 2461 1738 malifii
2479 1712 2489 1724 ·

485 1931 647 1997 Carta
671 1975 682 1987 ·
708 1966 773 1995 xx
798 1974 809 1987 ·
835 1964 1102 1996 marcarum
1128 1947 1187 1995 de
1211 1947 1441 2013 dunnyne
1468 1975 1477 1985 ·

394 2131 453 2176 14
483 2107 738 2174 Omnibus
769 2123 859 2171 hoc
890 2123 1114 2188 scriptum
1137 2122 1300 2171 visuris
1322 2122 1397 2171 vel
1424 2122 1655 2172 audituris
1678 2122 1901 2177 COalicius
1933 2140 2090 2172 comes
2122 2124 2181 2173 de
2207 2124 2489 2193 Stratheryn

478 2212 670 2260 salutem
689 2213 738 2260 in
755 2211 969 2260 Domino
988 2211 1320 2277 sempiternam
1342 2211 1590 2261 Noueritis
1614 2229 1700 2260 nos
1725 2212 1898 2261 dedifl‘e
1922 2214 2179 2263 00110οΗ1110
2204 2224 2252 2264 et
2274 2215 2363 2265 1130
2385 2235 2488 2283 pre-

477 2300 594 2347 senti
617 2309 745 2348 carta
767 2299 923 2347 nostra
951 2299 1243 2347 confirmasse
1266 2299 1376 2347 Deo
1404 2308 1452 2348 et
1480 2299 1756 2353 monasterio
1780 2299 1922 2348 sanffi
1944 2300 1976 2348 J
1979 2300 2177 2349 ohannis
2201 2302 2417 2368 Apostoli
2440 2314 2488 2353 et

477 2387 778 2454 Euangeliste
813 2388 873 2436 de
910 2387 1068 2435 Insula
1105 2387 1354 2442 COifl'arum
1383 2396 1432 2436 et
1467 2387 1706 2436 canonicis
1740 2388 1918 2436 ibidem
1951 2389 2060 2437 Deo
2094 2390 2402 2440 seruientibus
2437 2403 2487 2441 et

476 2476 525 2524 in
560 2486 842 2542 perpetuum
876 2476 1112 2524 seruituris
1153 2476 1203 2524 in
1241 2475 1437 2525 liberam
1476 2493 1644 2542 puram
1684 2485 1733 2525 et
1766 2486 2046 2542 perpetuam
2078 2478 2363 2528 elimosinam
2397 2499 2484 2546 pro

475 2564 784 2630 resignatione
808 2573 855 2612 et
879 2563 1011 2628 quita
1033 2562 1312 2612 clamatione
1331 2580 1448 2629 quas
1465 2563 1548 2628 ipfi
1568 2563 1774 2629 Religiofi
1798 2564 1932 2613 nobis
1964 2574 2011 2613 et
2041 2565 2294 2615 heredibus
2317 2569 2483 2617 nostris

474 2654 826 2719 imperpetuum
856 2653 1070 2701 fecerunt
1096 2669 1182 2718 pro
1212 2652 1257 2699 se
1289 2660 1337 2699 et
1367 2650 1699 2700 succefi’oribus
1729 2651 1820 2700 suis
1856 2652 1915 2700 de
1943 2653 2054 2717 jure
2088 2654 2217 2718 quod
2250 2654 2316 2703 eis
2351 2673 2482 2704 00111-

473 2742 666 2808 petebat
692 2740 768 2790 vel
799 2748 1066 2806 competere
1096 2739 1272 2806 poterit
1303 2738 1354 2786 in
1383 2738 1598 2787 futurum
1628 2738 1679 2787 in
1709 2749 2018 2805 augmentum
2052 2750 2101 2790 et
2134 2741 2477 2792 incrementum

471 2829 782 2878 secundarum
817 2827 1107 2876 decimarum
1144 2826 1406 2875 nostrarum
1442 2826 1502 2874 ab
1539 2843 1665 2875 anno
1701 2826 1880 2875 domini
1915 2827 2154 2878 millefimo
2190 2836 2293 2878 ccm⁰
2324 2832 2476 2895 quad-

470 2917 694 2983 ragesimo
717 2914 913 2981 septimo
936 2914 987 2962 in
1009 2913 1227 2980 posterim
1250 2913 1420 2979 viginti
1443 2931 1624 2962 11131035
1647 2931 1827 2963 annuas
1851 2915 1911 2963 de
1933 2914 2154 2981 thanagio
2177 2917 2236 2964 de
2259 2917 2476 2983 Dunyne

470 3015 517 3054 et
540 3004 789 3053 Peticarne
812 3019 896 3068 per
919 3019 1088 3050 manus
1118 3000 1304 3049 illorum
1333 3001 1414 3066 qui
1443 3018 1531 3067 pro
1558 3010 1771 3068 tempore
1800 3002 1944 3051 dietas
1974 3011 2120 3051 terras
2148 3005 2388 3054 tenuerint
2414 3007 2476 3054 ad

469 3106 563 3142 tres
588 3090 700 3140 anni
722 3089 948 3140 terminos
971 3089 1020 3138 in
1044 3098 1330 3154 perpetuum
1357 3088 1684 3154 percipiendas
1707 3088 1923 3139 videlicet
1941 3090 2002 3139 ad
2023 3090 2189 3139 festum
2208 3093 2474 3159 penticostis
