<?xml version="1.0" encoding="UTF-8"?>
<!DOCTYPE html PUBLIC "-//W3C//DTD XHTML 1.0 Transitional//EN"
    "http://www.w3.org/TR/xhtml1/DTD/xhtml1-transitional.dtd">
<html xmlns="http://www.w3.org/1999/xhtml" xml:lang="en" lang="en">
 <head>
  <title>
</title>
<meta http-equiv="Content-Type" content="text/html;charset=utf-8" />
  <meta name='ocr-system' content='tesseract 3.04.00' />
  <meta name='ocr-capabilities' content='ocr_page ocr_carea ocr_par ocr_line ocrx_word'/>
</head>
<body>
  <div class='ocr_page' id='page_1' title='image "./liberinsulemissa85inchuoft_0133.png"; bbox 0 0 2808 3926; ppageno 0'>
   <div class='ocr_carea' id='block_1_1' title="bbox 1066 351 2413 443">
    <p class='ocr_par' dir='ltr' id='par_1_1' title="bbox 1066 351 2413 443">
     <span class='ocr_line' id='line_1_1' title="bbox 1066 351 2413 443; baseline 0.003 -4"><span class='ocrx_word' id='word_1_1' title='bbox 1066 351 1170 440; x_wconf 57' lang='lat' dir='ltr'>Dlss</span> <span class='ocrx_word' id='word_1_2' title='bbox 1214 392 1742 442; x_wconf 83' lang='lat' dir='ltr'>INCHAFFERY.</span> <span class='ocrx_word' id='word_1_3' title='bbox 2350 398 2413 443; x_wconf 84' lang='lat'>53</span> 
     </span>
    </p>
   </div>
   <div class='ocr_carea' id='block_1_2' title="bbox 409 544 2422 1840">
    <p class='ocr_par' dir='ltr' id='par_1_2' title="bbox 409 544 2422 1840">
     <span class='ocr_line' id='line_1_2' title="bbox 409 544 2413 614; baseline 0.001 -21"><span class='ocrx_word' id='word_1_4' title='bbox 409 544 649 610; x_wconf 87' lang='lat' dir='ltr'>capellano</span> <span class='ocrx_word' id='word_1_5' title='bbox 677 575 686 584; x_wconf 93' lang='lat'><strong>·</strong></span> <span class='ocrx_word' id='word_1_6' title='bbox 713 547 836 595; x_wconf 91' lang='lat' dir='ltr'>Item</span> <span class='ocrx_word' id='word_1_7' title='bbox 861 547 922 596; x_wconf 92' lang='lat' dir='ltr'>do</span> <span class='ocrx_word' id='word_1_8' title='bbox 946 557 992 596; x_wconf 94' lang='lat' dir='ltr'>et</span> <span class='ocrx_word' id='word_1_9' title='bbox 1017 548 1222 596; x_wconf 87' lang='lat' dir='ltr'>concedo</span> <span class='ocrx_word' id='word_1_10' title='bbox 1240 550 1518 614; x_wconf 86' lang='lat' dir='ltr'>potestatem</span> <span class='ocrx_word' id='word_1_11' title='bbox 1533 548 1691 597; x_wconf 87' lang='lat' dir='ltr'>abbati</span> <span class='ocrx_word' id='word_1_12' title='bbox 1714 548 1774 597; x_wconf 89' lang='lat' dir='ltr'>de</span> <span class='ocrx_word' id='word_1_13' title='bbox 1792 547 1946 596; x_wconf 90' lang='lat' dir='ltr'>Insula</span> <span class='ocrx_word' id='word_1_14' title='bbox 1960 547 2204 602; x_wconf 66' lang='lat' dir='ltr'>missarum</span> <span class='ocrx_word' id='word_1_15' title='bbox 2223 547 2303 612; x_wconf 89' lang='lat' dir='ltr'>qui</span> <span class='ocrx_word' id='word_1_16' title='bbox 2326 564 2413 613; x_wconf 91' lang='lat' dir='ltr'>pro</span> 
     </span>
     <span class='ocr_line' id='line_1_3' title="bbox 411 634 2417 702; baseline 0 -22"><span class='ocrx_word' id='word_1_17' title='bbox 411 644 624 699; x_wconf 89' lang='lat' dir='ltr'>tempore</span> <span class='ocrx_word' id='word_1_18' title='bbox 647 634 789 683; x_wconf 87' lang='lat' dir='ltr'>fuerit</span> <span class='ocrx_word' id='word_1_19' title='bbox 817 653 924 683; x_wconf 92' lang='lat' dir='ltr'>cum</span> <span class='ocrx_word' id='word_1_20' title='bbox 953 635 1221 702; x_wconf 84' lang='lat' dir='ltr'>capellanus</span> <span class='ocrx_word' id='word_1_21' title='bbox 1245 634 1410 700; x_wconf 89' lang='lat' dir='ltr'>aliquis</span> <span class='ocrx_word' id='word_1_22' title='bbox 1434 636 1515 700; x_wconf 91' lang='lat' dir='ltr'>qui</span> <span class='ocrx_word' id='word_1_23' title='bbox 1538 635 1712 685; x_wconf 87' lang='lat' dir='ltr'><strong>ibidem</strong></span> <span class='ocrx_word' id='word_1_24' title='bbox 1735 635 2043 684; x_wconf 86' lang='lat' dir='ltr'>celebrauerit</span> <span class='ocrx_word' id='word_1_25' title='bbox 2066 635 2228 682; x_wconf 88' lang='lat' dir='ltr'>diuina</span> <span class='ocrx_word' id='word_1_26' title='bbox 2250 634 2298 681; x_wconf 90' lang='lat' dir='ltr'>in</span> <span class='ocrx_word' id='word_1_27' title='bbox 2322 634 2417 682; x_wconf 85' lang='lat' dir='ltr'>fata</span> 
     </span>
     <span class='ocr_line' id='line_1_4' title="bbox 411 720 2415 789; baseline 0.001 -22"><span class='ocrx_word' id='word_1_28' title='bbox 411 720 602 769; x_wconf 84' lang='lat' dir='ltr'>discedit</span> <span class='ocrx_word' id='word_1_29' title='bbox 625 721 673 768; x_wconf 92' lang='lat' dir='ltr'>in</span> <span class='ocrx_word' id='word_1_30' title='bbox 701 721 907 787; x_wconf 90' lang='lat' dir='ltr'>periculo</span> <span class='ocrx_word' id='word_1_31' title='bbox 931 722 1084 771; x_wconf 90' lang='lat' dir='ltr'>anime</span> <span class='ocrx_word' id='word_1_32' title='bbox 1109 723 1185 771; x_wconf 90' lang='lat' dir='ltr'>sue</span> <span class='ocrx_word' id='word_1_33' title='bbox 1216 722 1362 770; x_wconf 86' lang='lat' dir='ltr'>alium</span> <span class='ocrx_word' id='word_1_34' title='bbox 1390 722 1684 789; x_wconf 87' lang='lat' dir='ltr'>capellanum</span> <span class='ocrx_word' id='word_1_35' title='bbox 1716 723 1957 788; x_wconf 83' lang='lat' dir='ltr'>ydoneum</span> <span class='ocrx_word' id='word_1_36' title='bbox 1980 722 2290 772; x_wconf 85' lang='lat' dir='ltr'>constituendi</span> <span class='ocrx_word' id='word_1_37' title='bbox 2312 738 2415 788; x_wconf 85' lang='lat' dir='ltr'>pre-</span> 
     </span>
     <span class='ocr_line' id='line_1_5' title="bbox 412 808 2412 875; baseline 0.002 -20"><span class='ocrx_word' id='word_1_38' title='bbox 412 808 533 856; x_wconf 60' lang='lat' dir='ltr'>diesto</span> <span class='ocrx_word' id='word_1_39' title='bbox 552 808 652 857; x_wconf 92' lang='lat' dir='ltr'>loco</span> <span class='ocrx_word' id='word_1_40' title='bbox 667 811 760 858; x_wconf 88' lang='lat' dir='ltr'>fine</span> <span class='ocrx_word' id='word_1_41' title='bbox 776 809 930 875; x_wconf 86' lang='lat' dir='ltr'>aliqua</span> <span class='ocrx_word' id='word_1_42' title='bbox 945 810 1310 859; x_wconf 45' lang='lat' dir='ltr'>contradictione</span> <span class='ocrx_word' id='word_1_43' title='bbox 1324 809 1418 858; x_wconf 92' lang='lat' dir='ltr'>mei</span> <span class='ocrx_word' id='word_1_44' title='bbox 1439 809 1515 858; x_wconf 76' lang='lat' dir='ltr'>vel</span> <span class='ocrx_word' id='word_1_45' title='bbox 1532 809 1763 858; x_wconf 84' lang='lat' dir='ltr'>heredum</span> <span class='ocrx_word' id='word_1_46' title='bbox 1777 827 1995 859; x_wconf 91' lang='lat' dir='ltr'>meorum</span> <span class='ocrx_word' id='word_1_47' title='bbox 2012 839 2022 849; x_wconf 90' lang='lat'><strong>·</strong></span> <span class='ocrx_word' id='word_1_48' title='bbox 2050 810 2103 859; x_wconf 84' lang='lat' dir='ltr'>Si</span> <span class='ocrx_word' id='word_1_49' title='bbox 2122 819 2281 859; x_wconf 91' lang='lat' dir='ltr'>autem</span> <span class='ocrx_word' id='word_1_50' title='bbox 2305 827 2412 858; x_wconf 92' lang='lat' dir='ltr'>con-</span> 
     </span>
     <span class='ocr_line' id='line_1_6' title="bbox 412 896 2412 962; baseline 0.001 -19"><span class='ocrx_word' id='word_1_51' title='bbox 412 896 563 962; x_wconf 86' lang='lat' dir='ltr'>tingat</span> <span class='ocrx_word' id='word_1_52' title='bbox 586 915 662 945; x_wconf 92' lang='lat' dir='ltr'>me</span> <span class='ocrx_word' id='word_1_53' title='bbox 685 897 758 946; x_wconf 87' lang='lat' dir='ltr'>vel</span> <span class='ocrx_word' id='word_1_54' title='bbox 781 897 978 946; x_wconf 89' lang='lat' dir='ltr'>heredes</span> <span class='ocrx_word' id='word_1_55' title='bbox 1003 914 1133 947; x_wconf 90' lang='lat' dir='ltr'>meos</span> <span class='ocrx_word' id='word_1_56' title='bbox 1156 896 1313 962; x_wconf 90' lang='lat' dir='ltr'>aliquo</span> <span class='ocrx_word' id='word_1_57' title='bbox 1337 898 1444 945; x_wconf 87' lang='lat' dir='ltr'>casu</span> <span class='ocrx_word' id='word_1_58' title='bbox 1468 897 1596 962; x_wconf 91' lang='lat' dir='ltr'>quod</span> <span class='ocrx_word' id='word_1_59' title='bbox 1626 898 1740 946; x_wconf 78' lang='lat' dir='ltr'>absit</span> <span class='ocrx_word' id='word_1_60' title='bbox 1771 906 1935 946; x_wconf 88' lang='lat' dir='ltr'>contra</span> <span class='ocrx_word' id='word_1_61' title='bbox 1960 897 2083 946; x_wconf 88' lang='lat' dir='ltr'>hanc</span> <span class='ocrx_word' id='word_1_62' title='bbox 2106 898 2412 946; x_wconf 84' lang='lat' dir='ltr'>donationem</span> 
     </span>
     <span class='ocr_line' id='line_1_7' title="bbox 412 984 2415 1052; baseline 0 -20"><span class='ocrx_word' id='word_1_63' title='bbox 412 993 459 1032; x_wconf 91' lang='lat' dir='ltr'>et</span> <span class='ocrx_word' id='word_1_64' title='bbox 498 986 831 1033; x_wconf 87' lang='lat' dir='ltr'>conceffionem</span> <span class='ocrx_word' id='word_1_65' title='bbox 863 984 1023 1033; x_wconf 88' lang='lat' dir='ltr'>venire</span> <span class='ocrx_word' id='word_1_66' title='bbox 1059 984 1231 1033; x_wconf 90' lang='lat' dir='ltr'>subicio</span> <span class='ocrx_word' id='word_1_67' title='bbox 1265 1002 1341 1033; x_wconf 88' lang='lat' dir='ltr'>me</span> <span class='ocrx_word' id='word_1_68' title='bbox 1375 993 1423 1033; x_wconf 91' lang='lat' dir='ltr'>et</span> <span class='ocrx_word' id='word_1_69' title='bbox 1456 984 1656 1034; x_wconf 91' lang='lat' dir='ltr'>heredes</span> <span class='ocrx_word' id='word_1_70' title='bbox 1695 1002 1825 1033; x_wconf 87' lang='lat' dir='ltr'>meos</span> <span class='ocrx_word' id='word_1_71' title='bbox 1865 985 2179 1034; x_wconf 65' lang='lat' dir='ltr'>interdietioni</span> <span class='ocrx_word' id='word_1_72' title='bbox 2214 985 2415 1052; x_wconf 87' lang='lat' dir='ltr'>episcopi</span> 
     </span>
     <span class='ocr_line' id='line_1_8' title="bbox 414 1071 2417 1140; baseline 0.001 -21"><span class='ocrx_word' id='word_1_73' title='bbox 414 1071 761 1120; x_wconf 87' lang='lat' dir='ltr'>Dunblanenfis</span> <span class='ocrx_word' id='word_1_74' title='bbox 776 1072 856 1137; x_wconf 93' lang='lat' dir='ltr'>qui</span> <span class='ocrx_word' id='word_1_75' title='bbox 878 1090 965 1138; x_wconf 90' lang='lat' dir='ltr'>pro</span> <span class='ocrx_word' id='word_1_76' title='bbox 988 1080 1201 1137; x_wconf 88' lang='lat' dir='ltr'>tempore</span> <span class='ocrx_word' id='word_1_77' title='bbox 1218 1071 1360 1120; x_wconf 90' lang='lat' dir='ltr'>fuerit</span> <span class='ocrx_word' id='word_1_78' title='bbox 1382 1071 1666 1120; x_wconf 81' lang='lat' dir='ltr'>renuncians</span> <span class='ocrx_word' id='word_1_79' title='bbox 1685 1073 1813 1120; x_wconf 92' lang='lat' dir='ltr'>omni</span> <span class='ocrx_word' id='word_1_80' title='bbox 1829 1072 2131 1139; x_wconf 84' lang='lat' dir='ltr'>appellationi</span> <span class='ocrx_word' id='word_1_81' title='bbox 2150 1075 2417 1140; x_wconf 88' lang='lat' dir='ltr'>exceptioni</span> 
     </span>
     <span class='ocr_line' id='line_1_9' title="bbox 414 1159 2415 1228; baseline 0 -19"><span class='ocrx_word' id='word_1_82' title='bbox 414 1159 698 1209; x_wconf 87' lang='lat' dir='ltr'>cauillationi</span> <span class='ocrx_word' id='word_1_83' title='bbox 730 1169 778 1209; x_wconf 88' lang='lat' dir='ltr'>et</span> <span class='ocrx_word' id='word_1_84' title='bbox 808 1160 937 1208; x_wconf 91' lang='lat' dir='ltr'>omni</span> <span class='ocrx_word' id='word_1_85' title='bbox 963 1160 1087 1225; x_wconf 87' lang='lat' dir='ltr'>juris</span> <span class='ocrx_word' id='word_1_86' title='bbox 1118 1159 1327 1208; x_wconf 87' lang='lat' dir='ltr'>remedio</span> <span class='ocrx_word' id='word_1_87' title='bbox 1359 1159 1571 1208; x_wconf 87' lang='lat' dir='ltr'>canonici</span> <span class='ocrx_word' id='word_1_88' title='bbox 1605 1169 1653 1209; x_wconf 90' lang='lat' dir='ltr'>et</span> <span class='ocrx_word' id='word_1_89' title='bbox 1687 1159 1835 1209; x_wconf 90' lang='lat' dir='ltr'>ciuilis</span> <span class='ocrx_word' id='word_1_90' title='bbox 1869 1170 1920 1210; x_wconf 87' lang='lat' dir='ltr'>vt</span> <span class='ocrx_word' id='word_1_91' title='bbox 1949 1161 2042 1226; x_wconf 89' lang='lat' dir='ltr'>ipse</span> <span class='ocrx_word' id='word_1_92' title='bbox 2070 1179 2155 1228; x_wconf 88' lang='lat' dir='ltr'>per</span> <span class='ocrx_word' id='word_1_93' title='bbox 2185 1163 2415 1210; x_wconf 88' lang='lat' dir='ltr'>sensuram</span> 
     </span>
     <span class='ocr_line' id='line_1_10' title="bbox 415 1247 2416 1315; baseline 0.001 -19"><span class='ocrx_word' id='word_1_94' title='bbox 415 1247 760 1296; x_wconf 80' lang='lat' dir='ltr'>ecclesiasticam</span> <span class='ocrx_word' id='word_1_95' title='bbox 799 1247 862 1295; x_wconf 91' lang='lat' dir='ltr'>ad</span> <span class='ocrx_word' id='word_1_96' title='bbox 899 1247 1159 1312; x_wconf 51' lang='lat' dir='ltr'>prediaam</span> <span class='ocrx_word' id='word_1_97' title='bbox 1205 1247 1509 1296; x_wconf 91' lang='lat' dir='ltr'>donationem</span> <span class='ocrx_word' id='word_1_98' title='bbox 1545 1257 1593 1296; x_wconf 90' lang='lat' dir='ltr'>et</span> <span class='ocrx_word' id='word_1_99' title='bbox 1638 1249 1973 1297; x_wconf 89' lang='lat' dir='ltr'>conceffionem</span> <span class='ocrx_word' id='word_1_100' title='bbox 2017 1248 2220 1298; x_wconf 87' lang='lat' dir='ltr'>fideliter</span> <span class='ocrx_word' id='word_1_101' title='bbox 2255 1251 2416 1315; x_wconf 90' lang='lat' dir='ltr'>inper-</span> 
     </span>
     <span class='ocr_line' id='line_1_11' title="bbox 415 1333 2418 1402; baseline 0 -19"><span class='ocrx_word' id='word_1_102' title='bbox 415 1344 614 1400; x_wconf 89' lang='lat' dir='ltr'>petuum</span> <span class='ocrx_word' id='word_1_103' title='bbox 648 1333 947 1400; x_wconf 86' lang='lat' dir='ltr'>obligandam</span> <span class='ocrx_word' id='word_1_104' title='bbox 981 1351 1059 1382; x_wconf 90' lang='lat' dir='ltr'>me</span> <span class='ocrx_word' id='word_1_105' title='bbox 1094 1343 1142 1385; x_wconf 88' lang='lat' dir='ltr'>et</span> <span class='ocrx_word' id='word_1_106' title='bbox 1175 1333 1374 1383; x_wconf 88' lang='lat' dir='ltr'>heredes</span> <span class='ocrx_word' id='word_1_107' title='bbox 1408 1352 1539 1383; x_wconf 88' lang='lat' dir='ltr'>meos</span> <span class='ocrx_word' id='word_1_108' title='bbox 1571 1335 1630 1383; x_wconf 93' lang='lat' dir='ltr'>de</span> <span class='ocrx_word' id='word_1_109' title='bbox 1663 1335 1738 1383; x_wconf 93' lang='lat' dir='ltr'>die</span> <span class='ocrx_word' id='word_1_110' title='bbox 1768 1336 1818 1383; x_wconf 91' lang='lat' dir='ltr'>in</span> <span class='ocrx_word' id='word_1_111' title='bbox 1853 1336 1978 1384; x_wconf 92' lang='lat' dir='ltr'>diem</span> <span class='ocrx_word' id='word_1_112' title='bbox 2012 1335 2264 1402; x_wconf 90' lang='lat' dir='ltr'>compellat</span> <span class='ocrx_word' id='word_1_113' title='bbox 2301 1364 2312 1375; x_wconf 92' lang='lat'><strong>·</strong></span> <span class='ocrx_word' id='word_1_114' title='bbox 2350 1337 2418 1385; x_wconf 88' lang='lat' dir='ltr'>Vt</span> 
     </span>
     <span class='ocr_line' id='line_1_12' title="bbox 416 1420 2419 1489; baseline 0.001 -19"><span class='ocrx_word' id='word_1_115' title='bbox 416 1430 575 1470; x_wconf 89' lang='lat' dir='ltr'>autem</span> <span class='ocrx_word' id='word_1_116' title='bbox 597 1421 684 1470; x_wconf 91' lang='lat' dir='ltr'>bec</span> <span class='ocrx_word' id='word_1_117' title='bbox 707 1438 816 1470; x_wconf 92' lang='lat' dir='ltr'>mea</span> <span class='ocrx_word' id='word_1_118' title='bbox 839 1420 1032 1469; x_wconf 90' lang='lat' dir='ltr'>donatio</span> <span class='ocrx_word' id='word_1_119' title='bbox 1056 1429 1105 1470; x_wconf 88' lang='lat' dir='ltr'>et</span> <span class='ocrx_word' id='word_1_120' title='bbox 1129 1422 1351 1470; x_wconf 88' lang='lat' dir='ltr'>conceffio</span> <span class='ocrx_word' id='word_1_121' title='bbox 1381 1430 1612 1487; x_wconf 81' lang='lat' dir='ltr'>perpetue</span> <span class='ocrx_word' id='word_1_122' title='bbox 1642 1422 1878 1471; x_wconf 89' lang='lat' dir='ltr'>firmitatis</span> <span class='ocrx_word' id='word_1_123' title='bbox 1899 1423 2047 1471; x_wconf 88' lang='lat' dir='ltr'>robur</span> <span class='ocrx_word' id='word_1_124' title='bbox 2071 1423 2280 1472; x_wconf 91' lang='lat' dir='ltr'>obtineat</span> <span class='ocrx_word' id='word_1_125' title='bbox 2308 1441 2419 1489; x_wconf 90' lang='lat' dir='ltr'>pre-</span> 
     </span>
     <span class='ocr_line' id='line_1_13' title="bbox 416 1507 2421 1574; baseline 0.001 -17"><span class='ocrx_word' id='word_1_126' title='bbox 416 1510 517 1558; x_wconf 89' lang='lat' dir='ltr'>sens</span> <span class='ocrx_word' id='word_1_127' title='bbox 539 1508 761 1574; x_wconf 86' lang='lat' dir='ltr'>scriptum</span> <span class='ocrx_word' id='word_1_128' title='bbox 783 1507 916 1574; x_wconf 87' lang='lat' dir='ltr'>figilli</span> <span class='ocrx_word' id='word_1_129' title='bbox 939 1508 1033 1557; x_wconf 90' lang='lat' dir='ltr'>mei</span> <span class='ocrx_word' id='word_1_130' title='bbox 1055 1508 1318 1558; x_wconf 86' lang='lat' dir='ltr'>munimine</span> <span class='ocrx_word' id='word_1_131' title='bbox 1342 1509 1563 1558; x_wconf 90' lang='lat' dir='ltr'>roboraui</span> <span class='ocrx_word' id='word_1_132' title='bbox 1589 1538 1599 1548; x_wconf 92' lang='lat'><strong>·</strong></span> <span class='ocrx_word' id='word_1_133' title='bbox 1626 1510 1842 1559; x_wconf 88' lang='lat' dir='ltr'>Testibus</span> <span class='ocrx_word' id='word_1_134' title='bbox 1866 1510 2057 1559; x_wconf 81' lang='lat' dir='ltr'>domino</span> <span class='ocrx_word' id='word_1_135' title='bbox 2082 1537 2094 1549; x_wconf 90' lang='lat'><strong>·</strong></span> <span class='ocrx_word' id='word_1_136' title='bbox 2120 1510 2168 1558; x_wconf 95' lang='lat' dir='ltr'><strong>A</strong></span> <span class='ocrx_word' id='word_1_137' title='bbox 2206 1538 2217 1549; x_wconf 91' lang='lat'><strong>·</strong></span> <span class='ocrx_word' id='word_1_138' title='bbox 2254 1512 2421 1560; x_wconf 87' lang='lat' dir='ltr'>abbate</span> 
     </span>
     <span class='ocr_line' id='line_1_14' title="bbox 418 1595 2422 1652; baseline 0.001 -9"><span class='ocrx_word' id='word_1_139' title='bbox 418 1596 476 1644; x_wconf 90' lang='lat' dir='ltr'>de</span> <span class='ocrx_word' id='word_1_140' title='bbox 512 1595 668 1644; x_wconf 88' lang='lat' dir='ltr'>Insula</span> <span class='ocrx_word' id='word_1_141' title='bbox 690 1596 938 1650; x_wconf 64' lang='lat' dir='ltr'>missarum</span> <span class='ocrx_word' id='word_1_142' title='bbox 975 1624 985 1634; x_wconf 92' lang='lat'><strong>·</strong></span> <span class='ocrx_word' id='word_1_143' title='bbox 1022 1596 1213 1645; x_wconf 90' lang='lat' dir='ltr'>domino</span> <span class='ocrx_word' id='word_1_144' title='bbox 1250 1596 1466 1646; x_wconf 83' lang='lat' dir='ltr'>Gilberto</span> <span class='ocrx_word' id='word_1_145' title='bbox 1501 1597 1561 1646; x_wconf 90' lang='lat' dir='ltr'>de</span> <span class='ocrx_word' id='word_1_146' title='bbox 1596 1597 1811 1646; x_wconf 90' lang='lat' dir='ltr'>Ruthfen</span> <span class='ocrx_word' id='word_1_147' title='bbox 1847 1624 1858 1636; x_wconf 94' lang='lat'><strong>·</strong></span> <span class='ocrx_word' id='word_1_148' title='bbox 1896 1597 2089 1652; x_wconf 75' lang='lat' dir='ltr'>COalicio</span> <span class='ocrx_word' id='word_1_149' title='bbox 2123 1597 2218 1646; x_wconf 89' lang='lat' dir='ltr'>filio</span> <span class='ocrx_word' id='word_1_150' title='bbox 2242 1599 2422 1647; x_wconf 86' lang='lat' dir='ltr'>comitis</span> 
     </span>
     <span class='ocr_line' id='line_1_15' title="bbox 416 1684 2421 1751; baseline 0.001 -19"><span class='ocrx_word' id='word_1_151' title='bbox 416 1684 636 1739; x_wconf 71' lang='lat' dir='ltr'>militibus</span> <span class='ocrx_word' id='word_1_152' title='bbox 674 1713 684 1723; x_wconf 93' lang='lat'><strong>·</strong></span> <span class='ocrx_word' id='word_1_153' title='bbox 721 1685 913 1733; x_wconf 92' lang='lat' dir='ltr'>domino</span> <span class='ocrx_word' id='word_1_154' title='bbox 936 1684 1169 1734; x_wconf 91' lang='lat' dir='ltr'>Nicholao</span> <span class='ocrx_word' id='word_1_155' title='bbox 1193 1686 1390 1751; x_wconf 90' lang='lat' dir='ltr'>persona</span> <span class='ocrx_word' id='word_1_156' title='bbox 1412 1686 1472 1734; x_wconf 91' lang='lat' dir='ltr'>de</span> <span class='ocrx_word' id='word_1_157' title='bbox 1497 1686 1638 1735; x_wconf 86' lang='lat' dir='ltr'>Crefe</span> <span class='ocrx_word' id='word_1_158' title='bbox 1674 1713 1686 1726; x_wconf 90' lang='lat'><strong>·</strong></span> <span class='ocrx_word' id='word_1_159' title='bbox 1723 1685 1962 1735; x_wconf 90' lang='lat' dir='ltr'>Willelmo</span> <span class='ocrx_word' id='word_1_160' title='bbox 1994 1687 2053 1735; x_wconf 91' lang='lat' dir='ltr'>de</span> <span class='ocrx_word' id='word_1_161' title='bbox 2075 1686 2284 1735; x_wconf 87' lang='lat' dir='ltr'>Rothfen</span> <span class='ocrx_word' id='word_1_162' title='bbox 2308 1698 2421 1736; x_wconf 90' lang='lat' dir='ltr'>tunc</span> 
     </span>
     <span class='ocr_line' id='line_1_16' title="bbox 416 1773 1238 1840; baseline -0.001 -17"><span class='ocrx_word' id='word_1_163' title='bbox 416 1774 672 1823; x_wconf 90' lang='lat' dir='ltr'>camerario</span> <span class='ocrx_word' id='word_1_164' title='bbox 695 1791 802 1823; x_wconf 90' lang='lat' dir='ltr'>meo</span> <span class='ocrx_word' id='word_1_165' title='bbox 826 1783 874 1823; x_wconf 91' lang='lat' dir='ltr'>et</span> <span class='ocrx_word' id='word_1_166' title='bbox 897 1773 1073 1823; x_wconf 89' lang='lat' dir='ltr'>multiis</span> <span class='ocrx_word' id='word_1_167' title='bbox 1098 1773 1201 1840; x_wconf 90' lang='lat' dir='ltr'>alijs</span> <span class='ocrx_word' id='word_1_168' title='bbox 1226 1801 1238 1813; x_wconf 90' lang='lat'><strong>·</strong></span> 
     </span>
    </p>
   </div>
   <div class='ocr_carea' id='block_1_3' title="bbox 419 2019 2421 2175">
    <p class='ocr_par' dir='ltr' id='par_1_3' title="bbox 419 2019 2421 2175">
     <span class='ocr_line' id='line_1_17' title="bbox 424 2019 2421 2108; baseline 0.002 -21"><span class='ocrx_word' id='word_1_169' title='bbox 424 2019 750 2088; x_wconf 82' lang='lat' dir='ltr'>Confirmatio</span> <span class='ocrx_word' id='word_1_170' title='bbox 780 2049 907 2089; x_wconf 89' lang='lat' dir='ltr'>terre</span> <span class='ocrx_word' id='word_1_171' title='bbox 939 2040 1187 2094; x_wconf 65' lang='lat' dir='ltr'>mukrand</span> <span class='ocrx_word' id='word_1_172' title='bbox 1219 2049 1267 2089; x_wconf 89' lang='lat' dir='ltr'>et</span> <span class='ocrx_word' id='word_1_173' title='bbox 1290 2040 1425 2089; x_wconf 86' lang='lat' dir='ltr'>vnius</span> <span class='ocrx_word' id='word_1_174' title='bbox 1449 2059 1607 2090; x_wconf 89' lang='lat' dir='ltr'>marce</span> <span class='ocrx_word' id='word_1_175' title='bbox 1630 2041 1871 2108; x_wconf 88' lang='lat' dir='ltr'>capellano</span> <span class='ocrx_word' id='word_1_176' title='bbox 1895 2041 2151 2092; x_wconf 84' lang='lat' dir='ltr'>celebranti</span> <span class='ocrx_word' id='word_1_177' title='bbox 2175 2043 2222 2090; x_wconf 92' lang='lat' dir='ltr'>in</span> <span class='ocrx_word' id='word_1_178' title='bbox 2248 2041 2421 2091; x_wconf 87' lang='lat' dir='ltr'>elemo-</span> 
     </span>
     <span class='ocr_line' id='line_1_18' title="bbox 419 2126 623 2175; baseline 0.01 -2"><span class='ocrx_word' id='word_1_179' title='bbox 419 2126 586 2175; x_wconf 86' lang='lat' dir='ltr'>finario</span> <span class='ocrx_word' id='word_1_180' title='bbox 612 2153 623 2167; x_wconf 89' lang='lat'><em>·</em></span> 
     </span>
    </p>
   </div>
   <div class='ocr_carea' id='block_1_4' title="bbox 334 2285 2427 3158">
    <p class='ocr_par' dir='ltr' id='par_1_4' title="bbox 334 2285 2427 3158">
     <span class='ocr_line' id='line_1_19' title="bbox 334 2285 2423 2372; baseline -0 -17"><span class='ocrx_word' id='word_1_181' title='bbox 334 2309 396 2355; x_wconf 85' lang='lat'>53</span> <span class='ocrx_word' id='word_1_182' title='bbox 425 2285 680 2352; x_wconf 84' lang='lat' dir='ltr'>Omnibus</span> <span class='ocrx_word' id='word_1_183' title='bbox 706 2303 880 2353; x_wconf 74' lang='lat' dir='ltr'>Christi</span> <span class='ocrx_word' id='word_1_184' title='bbox 907 2304 1124 2353; x_wconf 88' lang='lat' dir='ltr'>fidelibus</span> <span class='ocrx_word' id='word_1_185' title='bbox 1150 2305 1212 2353; x_wconf 88' lang='lat' dir='ltr'>ad</span> <span class='ocrx_word' id='word_1_186' title='bbox 1243 2322 1360 2370; x_wconf 92' lang='lat' dir='ltr'>quos</span> <span class='ocrx_word' id='word_1_187' title='bbox 1387 2304 1523 2355; x_wconf 90' lang='lat' dir='ltr'>litere</span> <span class='ocrx_word' id='word_1_188' title='bbox 1554 2307 1790 2372; x_wconf 81' lang='lat' dir='ltr'>presentes</span> <span class='ocrx_word' id='word_1_189' title='bbox 1821 2306 2130 2372; x_wconf 89' lang='lat' dir='ltr'>peruenerint</span> <span class='ocrx_word' id='word_1_190' title='bbox 2154 2305 2340 2355; x_wconf 89' lang='lat' dir='ltr'>Bricius</span> <span class='ocrx_word' id='word_1_191' title='bbox 2364 2307 2423 2355; x_wconf 91' lang='lat' dir='ltr'>de</span> 
     </span>
     <span class='ocr_line' id='line_1_20' title="bbox 422 2390 2424 2443; baseline 0.001 -2"><span class='ocrx_word' id='word_1_192' title='bbox 422 2390 707 2441; x_wconf 84' lang='lat' dir='ltr'>Ardroffane</span> <span class='ocrx_word' id='word_1_193' title='bbox 724 2400 938 2440; x_wconf 87' lang='lat' dir='ltr'>eternam</span> <span class='ocrx_word' id='word_1_194' title='bbox 955 2392 1004 2440; x_wconf 86' lang='lat' dir='ltr'>in</span> <span class='ocrx_word' id='word_1_195' title='bbox 1020 2392 1211 2441; x_wconf 90' lang='lat' dir='ltr'>domino</span> <span class='ocrx_word' id='word_1_196' title='bbox 1234 2392 1430 2442; x_wconf 88' lang='lat' dir='ltr'>salutem</span> <span class='ocrx_word' id='word_1_197' title='bbox 1457 2421 1467 2431; x_wconf 91' lang='lat'><strong>·</strong></span> <span class='ocrx_word' id='word_1_198' title='bbox 1491 2393 1545 2441; x_wconf 94' lang='lat' dir='ltr'>N</span> <span class='ocrx_word' id='word_1_199' title='bbox 1546 2394 1699 2442; x_wconf 85' lang='lat' dir='ltr'>ouerit</span> <span class='ocrx_word' id='word_1_200' title='bbox 1720 2394 1991 2442; x_wconf 87' lang='lat' dir='ltr'>vniuerfitas</span> <span class='ocrx_word' id='word_1_201' title='bbox 2014 2394 2162 2442; x_wconf 88' lang='lat' dir='ltr'>vestra</span> <span class='ocrx_word' id='word_1_202' title='bbox 2184 2411 2259 2442; x_wconf 88' lang='lat' dir='ltr'>me</span> <span class='ocrx_word' id='word_1_203' title='bbox 2274 2404 2424 2443; x_wconf 88' lang='lat' dir='ltr'>ratam</span> 
     </span>
     <span class='ocr_line' id='line_1_21' title="bbox 422 2478 2424 2545; baseline 0.001 -18"><span class='ocrx_word' id='word_1_204' title='bbox 422 2487 468 2528; x_wconf 89' lang='lat' dir='ltr'>et</span> <span class='ocrx_word' id='word_1_205' title='bbox 492 2478 679 2526; x_wconf 87' lang='lat' dir='ltr'>firmam</span> <span class='ocrx_word' id='word_1_206' title='bbox 710 2496 765 2527; x_wconf 94' lang='lat' dir='ltr'>ac</span> <span class='ocrx_word' id='word_1_207' title='bbox 795 2479 1004 2528; x_wconf 86' lang='lat' dir='ltr'>stabilem</span> <span class='ocrx_word' id='word_1_208' title='bbox 1036 2488 1267 2544; x_wconf 86' lang='lat' dir='ltr'>quantum</span> <span class='ocrx_word' id='word_1_209' title='bbox 1290 2480 1351 2527; x_wconf 93' lang='lat' dir='ltr'>ad</span> <span class='ocrx_word' id='word_1_210' title='bbox 1375 2497 1451 2528; x_wconf 93' lang='lat' dir='ltr'>me</span> <span class='ocrx_word' id='word_1_211' title='bbox 1474 2480 1680 2545; x_wconf 88' lang='lat' dir='ltr'>pertinet</span> <span class='ocrx_word' id='word_1_212' title='bbox 1702 2480 1910 2528; x_wconf 82' lang='lat' dir='ltr'>habuifl&#39;e</span> <span class='ocrx_word' id='word_1_213' title='bbox 1933 2480 2228 2530; x_wconf 90' lang='lat' dir='ltr'>collationem</span> <span class='ocrx_word' id='word_1_214' title='bbox 2247 2482 2424 2530; x_wconf 90' lang='lat' dir='ltr'>domini</span> 
     </span>
     <span class='ocr_line' id='line_1_22' title="bbox 422 2565 2425 2634; baseline 0.002 -21"><span class='ocrx_word' id='word_1_215' title='bbox 422 2565 588 2631; x_wconf 72' lang='lat' dir='ltr'>malifij</span> <span class='ocrx_word' id='word_1_216' title='bbox 614 2567 737 2614; x_wconf 92' lang='lat' dir='ltr'>bone</span> <span class='ocrx_word' id='word_1_217' title='bbox 760 2566 986 2615; x_wconf 85' lang='lat' dir='ltr'>memorie</span> <span class='ocrx_word' id='word_1_218' title='bbox 1009 2566 1246 2631; x_wconf 88' lang='lat' dir='ltr'>quondam</span> <span class='ocrx_word' id='word_1_219' title='bbox 1271 2567 1453 2615; x_wconf 90' lang='lat' dir='ltr'>comitis</span> <span class='ocrx_word' id='word_1_220' title='bbox 1477 2567 1536 2615; x_wconf 87' lang='lat' dir='ltr'>de</span> <span class='ocrx_word' id='word_1_221' title='bbox 1562 2566 1851 2634; x_wconf 64' lang='lat' dir='ltr'>Stratheryn</span> <span class='ocrx_word' id='word_1_222' title='bbox 1885 2568 2051 2617; x_wconf 69' lang='lat' dir='ltr'>saetam</span> <span class='ocrx_word' id='word_1_223' title='bbox 2087 2569 2197 2618; x_wconf 91' lang='lat' dir='ltr'>Deo</span> <span class='ocrx_word' id='word_1_224' title='bbox 2221 2579 2268 2617; x_wconf 91' lang='lat' dir='ltr'>et</span> <span class='ocrx_word' id='word_1_225' title='bbox 2290 2570 2425 2617; x_wconf 90' lang='lat' dir='ltr'>beate</span> 
     </span>
     <span class='ocr_line' id='line_1_23' title="bbox 422 2652 2426 2720; baseline 0 -18"><span class='ocrx_word' id='word_1_226' title='bbox 422 2652 577 2705; x_wconf 79' lang='lat' dir='ltr'>coarie</span> <span class='ocrx_word' id='word_1_227' title='bbox 610 2662 657 2702; x_wconf 88' lang='lat' dir='ltr'>et</span> <span class='ocrx_word' id='word_1_228' title='bbox 688 2653 875 2702; x_wconf 88' lang='lat' dir='ltr'>cuidam</span> <span class='ocrx_word' id='word_1_229' title='bbox 900 2653 1141 2720; x_wconf 89' lang='lat' dir='ltr'>capellano</span> <span class='ocrx_word' id='word_1_230' title='bbox 1163 2653 1419 2702; x_wconf 86' lang='lat' dir='ltr'>celebranti</span> <span class='ocrx_word' id='word_1_231' title='bbox 1443 2652 1604 2699; x_wconf 88' lang='lat' dir='ltr'>diuina</span> <span class='ocrx_word' id='word_1_232' title='bbox 1630 2652 1679 2699; x_wconf 90' lang='lat' dir='ltr'>in</span> <span class='ocrx_word' id='word_1_233' title='bbox 1707 2652 2023 2702; x_wconf 88' lang='lat' dir='ltr'>elemofinario</span> <span class='ocrx_word' id='word_1_234' title='bbox 2048 2655 2107 2702; x_wconf 92' lang='lat' dir='ltr'>de</span> <span class='ocrx_word' id='word_1_235' title='bbox 2132 2654 2287 2703; x_wconf 89' lang='lat' dir='ltr'>Insula</span> <span class='ocrx_word' id='word_1_236' title='bbox 2310 2655 2426 2708; x_wconf 65' lang='lat' dir='ltr'>mis-</span> 
     </span>
     <span class='ocr_line' id='line_1_24' title="bbox 422 2741 2427 2806; baseline 0.001 -18"><span class='ocrx_word' id='word_1_237' title='bbox 422 2742 571 2789; x_wconf 89' lang='lat' dir='ltr'>sarum</span> <span class='ocrx_word' id='word_1_238' title='bbox 597 2759 683 2806; x_wconf 89' lang='lat' dir='ltr'>pro</span> <span class='ocrx_word' id='word_1_239' title='bbox 707 2741 953 2789; x_wconf 88' lang='lat' dir='ltr'>animabus</span> <span class='ocrx_word' id='word_1_240' title='bbox 977 2741 1090 2790; x_wconf 59' lang='lat' dir='ltr'>dieti</span> <span class='ocrx_word' id='word_1_241' title='bbox 1112 2741 1301 2790; x_wconf 89' lang='lat' dir='ltr'>comitis</span> <span class='ocrx_word' id='word_1_242' title='bbox 1325 2751 1373 2790; x_wconf 93' lang='lat' dir='ltr'>et</span> <span class='ocrx_word' id='word_1_243' title='bbox 1395 2742 1582 2789; x_wconf 90' lang='lat' dir='ltr'>suorum</span> <span class='ocrx_word' id='word_1_244' title='bbox 1605 2741 1940 2789; x_wconf 75' lang='lat' dir='ltr'>antecessorum</span> <span class='ocrx_word' id='word_1_245' title='bbox 1965 2751 2012 2790; x_wconf 90' lang='lat' dir='ltr'>et</span> <span class='ocrx_word' id='word_1_246' title='bbox 2035 2759 2121 2805; x_wconf 91' lang='lat' dir='ltr'>pro</span> <span class='ocrx_word' id='word_1_247' title='bbox 2142 2742 2301 2790; x_wconf 88' lang='lat' dir='ltr'>anima</span> <span class='ocrx_word' id='word_1_248' title='bbox 2324 2759 2427 2790; x_wconf 87' lang='lat' dir='ltr'>mea</span> 
     </span>
     <span class='ocr_line' id='line_1_25' title="bbox 423 2827 2427 2895; baseline 0 -20"><span class='ocrx_word' id='word_1_249' title='bbox 423 2839 470 2876; x_wconf 91' lang='lat' dir='ltr'>et</span> <span class='ocrx_word' id='word_1_250' title='bbox 494 2828 707 2876; x_wconf 88' lang='lat' dir='ltr'>omnium</span> <span class='ocrx_word' id='word_1_251' title='bbox 731 2827 945 2877; x_wconf 87' lang='lat' dir='ltr'>fidelium</span> <span class='ocrx_word' id='word_1_252' title='bbox 970 2828 1297 2878; x_wconf 67' lang='lat' dir='ltr'>defun&amp;orum</span> <span class='ocrx_word' id='word_1_253' title='bbox 1321 2829 1380 2877; x_wconf 89' lang='lat' dir='ltr'>de</span> <span class='ocrx_word' id='word_1_254' title='bbox 1404 2837 1606 2893; x_wconf 87' lang='lat' dir='ltr'>quatuor</span> <span class='ocrx_word' id='word_1_255' title='bbox 1629 2827 1800 2875; x_wconf 86' lang='lat' dir='ltr'>marcis</span> <span class='ocrx_word' id='word_1_256' title='bbox 1818 2827 2146 2894; x_wconf 87' lang='lat' dir='ltr'>sterlingorum</span> <span class='ocrx_word' id='word_1_257' title='bbox 2168 2829 2427 2895; x_wconf 88' lang='lat' dir='ltr'>percipien-</span> 
     </span>
     <span class='ocr_line' id='line_1_26' title="bbox 424 2914 2427 2982; baseline 0 -20"><span class='ocrx_word' id='word_1_258' title='bbox 424 2915 495 2963; x_wconf 89' lang='lat' dir='ltr'>dis</span> <span class='ocrx_word' id='word_1_259' title='bbox 526 2915 717 2980; x_wconf 84' lang='lat' dir='ltr'>fingulis</span> <span class='ocrx_word' id='word_1_260' title='bbox 752 2915 890 2964; x_wconf 89' lang='lat' dir='ltr'>annis</span> <span class='ocrx_word' id='word_1_261' title='bbox 922 2916 982 2964; x_wconf 90' lang='lat' dir='ltr'>de</span> <span class='ocrx_word' id='word_1_262' title='bbox 1013 2917 1152 2965; x_wconf 86' lang='lat' dir='ltr'>firma</span> <span class='ocrx_word' id='word_1_263' title='bbox 1182 2926 1307 2966; x_wconf 89' lang='lat' dir='ltr'>terre</span> <span class='ocrx_word' id='word_1_264' title='bbox 1339 2916 1399 2965; x_wconf 88' lang='lat' dir='ltr'>de</span> <span class='ocrx_word' id='word_1_265' title='bbox 1431 2914 1694 2970; x_wconf 75' lang='lat' dir='ltr'>COukracht</span> <span class='ocrx_word' id='word_1_266' title='bbox 1728 2915 2061 2981; x_wconf 86' lang='lat' dir='ltr'>inperpetuum</span> <span class='ocrx_word' id='word_1_267' title='bbox 2096 2916 2145 2963; x_wconf 91' lang='lat' dir='ltr'>in</span> <span class='ocrx_word' id='word_1_268' title='bbox 2180 2934 2348 2982; x_wconf 86' lang='lat' dir='ltr'>puram</span> <span class='ocrx_word' id='word_1_269' title='bbox 2381 2927 2427 2963; x_wconf 90' lang='lat' dir='ltr'>et</span> 
     </span>
     <span class='ocr_line' id='line_1_27' title="bbox 424 3003 2426 3070; baseline 0 -19"><span class='ocrx_word' id='word_1_270' title='bbox 424 3012 704 3068; x_wconf 87' lang='lat' dir='ltr'>perpetuam</span> <span class='ocrx_word' id='word_1_271' title='bbox 744 3003 1041 3053; x_wconf 75' lang='lat' dir='ltr'>elemosinam</span> <span class='ocrx_word' id='word_1_272' title='bbox 1071 3012 1214 3070; x_wconf 89' lang='lat' dir='ltr'>prout</span> <span class='ocrx_word' id='word_1_273' title='bbox 1252 3005 1301 3052; x_wconf 93' lang='lat' dir='ltr'>in</span> <span class='ocrx_word' id='word_1_274' title='bbox 1339 3013 1467 3053; x_wconf 89' lang='lat' dir='ltr'>carta</span> <span class='ocrx_word' id='word_1_275' title='bbox 1503 3003 1613 3052; x_wconf 68' lang='lat' dir='ltr'>dicti</span> <span class='ocrx_word' id='word_1_276' title='bbox 1650 3003 1832 3052; x_wconf 90' lang='lat' dir='ltr'>comitis</span> <span class='ocrx_word' id='word_1_277' title='bbox 1866 3004 1976 3052; x_wconf 91' lang='lat' dir='ltr'>inde</span> <span class='ocrx_word' id='word_1_278' title='bbox 2008 3004 2214 3052; x_wconf 61' lang='lat' dir='ltr'>consedia</span> <span class='ocrx_word' id='word_1_279' title='bbox 2243 3003 2426 3069; x_wconf 88' lang='lat' dir='ltr'>plenius</span> 
     </span>
     <span class='ocr_line' id='line_1_28' title="bbox 424 3089 2427 3158; baseline 0 -20"><span class='ocrx_word' id='word_1_280' title='bbox 424 3090 690 3140; x_wconf 90' lang='lat' dir='ltr'>continetur</span> <span class='ocrx_word' id='word_1_281' title='bbox 714 3101 761 3141; x_wconf 92' lang='lat' dir='ltr'>et</span> <span class='ocrx_word' id='word_1_282' title='bbox 785 3092 895 3156; x_wconf 93' lang='lat' dir='ltr'>quia</span> <span class='ocrx_word' id='word_1_283' title='bbox 916 3092 1155 3158; x_wconf 72' lang='lat' dir='ltr'>predictus</span> <span class='ocrx_word' id='word_1_284' title='bbox 1180 3109 1336 3141; x_wconf 91' lang='lat' dir='ltr'>comes</span> <span class='ocrx_word' id='word_1_285' title='bbox 1361 3102 1535 3140; x_wconf 86' lang='lat' dir='ltr'>terram</span> <span class='ocrx_word' id='word_1_286' title='bbox 1557 3092 1616 3139; x_wconf 88' lang='lat' dir='ltr'>de</span> <span class='ocrx_word' id='word_1_287' title='bbox 1642 3090 1824 3138; x_wconf 90' lang='lat' dir='ltr'>Tulach</span> <span class='ocrx_word' id='word_1_288' title='bbox 1844 3109 1984 3156; x_wconf 87' lang='lat' dir='ltr'>quam</span> <span class='ocrx_word' id='word_1_289' title='bbox 2010 3091 2163 3139; x_wconf 89' lang='lat' dir='ltr'>eidem</span> <span class='ocrx_word' id='word_1_290' title='bbox 2188 3089 2427 3156; x_wconf 87' lang='lat' dir='ltr'>capellano</span> 
     </span>
    </p>
   </div>
  </div>
 </body>
</html>
