<?xml version="1.0" encoding="UTF-8"?>
<!DOCTYPE html PUBLIC "-//W3C//DTD XHTML 1.0 Transitional//EN"
    "http://www.w3.org/TR/xhtml1/DTD/xhtml1-transitional.dtd">
<html xmlns="http://www.w3.org/1999/xhtml" xml:lang="en" lang="en">
 <head>
  <title>
</title>
<meta http-equiv="Content-Type" content="text/html;charset=utf-8" />
  <meta name='ocr-system' content='tesseract 3.04.00' />
  <meta name='ocr-capabilities' content='ocr_page ocr_carea ocr_par ocr_line ocrx_word'/>
</head>
<body>
  <div class='ocr_page' id='page_1' title='image "./liberinsulemissa85inchuoft_0122.png"; bbox 0 0 2808 3926; ppageno 0'>
   <div class='ocr_carea' id='block_1_1' title="bbox 419 375 1659 426">
    <p class='ocr_par' dir='ltr' id='par_1_1' title="bbox 419 375 1659 426">
     <span class='ocr_line' id='line_1_1' title="bbox 419 375 1659 426; baseline 0.006 -8"><span class='ocrx_word' id='word_1_1' title='bbox 419 375 481 418; x_wconf 84' lang='lat'>42</span> <span class='ocrx_word' id='word_1_2' title='bbox 1182 375 1659 426; x_wconf 81' lang='lat' dir='ltr'>REGISTRUM</span> 
     </span>
    </p>
   </div>
   <div class='ocr_carea' id='block_1_2' title="bbox 419 528 2436 2892">
    <p class='ocr_par' dir='ltr' id='par_1_2' title="bbox 419 528 2436 2892">
     <span class='ocr_line' id='line_1_2' title="bbox 419 528 2430 595; baseline 0.004 -19"><span class='ocrx_word' id='word_1_3' title='bbox 419 537 466 576; x_wconf 88' lang='lat' dir='ltr'>et</span> <span class='ocrx_word' id='word_1_4' title='bbox 503 528 660 583; x_wconf 74' lang='lat' dir='ltr'>&lt;cultis</span> <span class='ocrx_word' id='word_1_5' title='bbox 695 530 796 578; x_wconf 90' lang='lat' dir='ltr'>aliis</span> <span class='ocrx_word' id='word_1_6' title='bbox 841 529 1093 595; x_wconf 84' lang='lat' dir='ltr'>fidedignis</span> <span class='ocrx_word' id='word_1_7' title='bbox 1137 530 1335 578; x_wconf 85' lang='lat' dir='ltr'>materia</span> <span class='ocrx_word' id='word_1_8' title='bbox 1381 531 1636 595; x_wconf 88' lang='lat' dir='ltr'>questionis</span> <span class='ocrx_word' id='word_1_9' title='bbox 1680 540 1946 580; x_wconf 87' lang='lat' dir='ltr'>verteretur</span> <span class='ocrx_word' id='word_1_10' title='bbox 1992 549 2048 581; x_wconf 84' lang='lat' dir='ltr'>ac</span> <span class='ocrx_word' id='word_1_11' title='bbox 2093 534 2236 582; x_wconf 87' lang='lat' dir='ltr'>etiam</span> <span class='ocrx_word' id='word_1_12' title='bbox 2283 536 2430 585; x_wconf 57' lang='lat' dir='ltr'>distes</span> 
     </span>
     <span class='ocr_line' id='line_1_3' title="bbox 419 616 2431 686; baseline 0.004 -23"><span class='ocrx_word' id='word_1_13' title='bbox 419 616 654 682; x_wconf 85' lang='lat' dir='ltr'>religiosos</span> <span class='ocrx_word' id='word_1_14' title='bbox 689 636 774 683; x_wconf 87' lang='lat' dir='ltr'>pro</span> <span class='ocrx_word' id='word_1_15' title='bbox 813 619 923 683; x_wconf 85' lang='lat' dir='ltr'>jure</span> <span class='ocrx_word' id='word_1_16' title='bbox 961 617 1089 682; x_wconf 90' lang='lat' dir='ltr'>quod</span> <span class='ocrx_word' id='word_1_17' title='bbox 1133 617 1182 664; x_wconf 87' lang='lat' dir='ltr'>in</span> <span class='ocrx_word' id='word_1_18' title='bbox 1223 617 1345 665; x_wconf 67' lang='lat' dir='ltr'>dicta</span> <span class='ocrx_word' id='word_1_19' title='bbox 1385 626 1511 666; x_wconf 88' lang='lat' dir='ltr'>terra</span> <span class='ocrx_word' id='word_1_20' title='bbox 1550 617 1854 666; x_wconf 81' lang='lat' dir='ltr'>credebamus</span> <span class='ocrx_word' id='word_1_21' title='bbox 1894 619 2108 684; x_wconf 83' lang='lat' dir='ltr'>optinere</span> <span class='ocrx_word' id='word_1_22' title='bbox 2147 639 2234 686; x_wconf 91' lang='lat' dir='ltr'>per</span> <span class='ocrx_word' id='word_1_23' title='bbox 2272 621 2431 672; x_wconf 81' lang='lat' dir='ltr'>literas</span> 
     </span>
     <span class='ocr_line' id='line_1_4' title="bbox 421 705 2431 774; baseline 0.003 -22"><span class='ocrx_word' id='word_1_24' title='bbox 421 706 599 754; x_wconf 91' lang='lat' dir='ltr'>domini</span> <span class='ocrx_word' id='word_1_25' title='bbox 623 707 764 755; x_wconf 82' lang='lat' dir='ltr'>nostri</span> <span class='ocrx_word' id='word_1_26' title='bbox 783 706 929 771; x_wconf 82' lang='lat' dir='ltr'>Regis</span> <span class='ocrx_word' id='word_1_27' title='bbox 952 705 1002 752; x_wconf 91' lang='lat' dir='ltr'>in</span> <span class='ocrx_word' id='word_1_28' title='bbox 1026 705 1148 753; x_wconf 61' lang='lat' dir='ltr'>dicta</span> <span class='ocrx_word' id='word_1_29' title='bbox 1171 705 1300 754; x_wconf 86' lang='lat' dir='ltr'>curia</span> <span class='ocrx_word' id='word_1_30' title='bbox 1322 705 1625 772; x_wconf 86' lang='lat' dir='ltr'>fatigauimus</span> <span class='ocrx_word' id='word_1_31' title='bbox 1643 724 1730 772; x_wconf 89' lang='lat' dir='ltr'>per</span> <span class='ocrx_word' id='word_1_32' title='bbox 1746 707 1951 756; x_wconf 90' lang='lat' dir='ltr'>multum</span> <span class='ocrx_word' id='word_1_33' title='bbox 1974 717 2163 774; x_wconf 86' lang='lat' dir='ltr'>tempus</span> <span class='ocrx_word' id='word_1_34' title='bbox 2184 738 2195 748; x_wconf 91' lang='lat'><strong>·</strong></span> <span class='ocrx_word' id='word_1_35' title='bbox 2213 709 2431 759; x_wconf 84' lang='lat' dir='ltr'>Tandem</span> 
     </span>
     <span class='ocr_line' id='line_1_5' title="bbox 420 792 2431 864; baseline 0.003 -25"><span class='ocrx_word' id='word_1_36' title='bbox 420 810 530 842; x_wconf 86' lang='lat' dir='ltr'>vero</span> <span class='ocrx_word' id='word_1_37' title='bbox 561 794 624 841; x_wconf 85' lang='lat' dir='ltr'>ad</span> <span class='ocrx_word' id='word_1_38' title='bbox 656 793 930 841; x_wconf 87' lang='lat' dir='ltr'>instanciam</span> <span class='ocrx_word' id='word_1_39' title='bbox 954 792 1182 840; x_wconf 57' lang='lat' dir='ltr'>distorum</span> <span class='ocrx_word' id='word_1_40' title='bbox 1210 793 1466 858; x_wconf 90' lang='lat' dir='ltr'>proborum</span> <span class='ocrx_word' id='word_1_41' title='bbox 1490 804 1538 843; x_wconf 90' lang='lat' dir='ltr'>et</span> <span class='ocrx_word' id='word_1_42' title='bbox 1562 812 1648 861; x_wconf 92' lang='lat' dir='ltr'>per</span> <span class='ocrx_word' id='word_1_43' title='bbox 1671 796 1896 845; x_wconf 83' lang='lat' dir='ltr'>affensum</span> <span class='ocrx_word' id='word_1_44' title='bbox 1921 806 1969 845; x_wconf 92' lang='lat' dir='ltr'>et</span> <span class='ocrx_word' id='word_1_45' title='bbox 1993 797 2260 846; x_wconf 87' lang='lat' dir='ltr'>consensum</span> <span class='ocrx_word' id='word_1_46' title='bbox 2284 799 2431 864; x_wconf 88' lang='lat' dir='ltr'>partis</span> 
     </span>
     <span class='ocr_line' id='line_1_6' title="bbox 420 879 2432 951; baseline 0.004 -25"><span class='ocrx_word' id='word_1_47' title='bbox 420 880 655 945; x_wconf 77' lang='lat' dir='ltr'>Vtriusque</span> <span class='ocrx_word' id='word_1_48' title='bbox 678 880 782 929; x_wconf 85' lang='lat' dir='ltr'>talis</span> <span class='ocrx_word' id='word_1_49' title='bbox 806 879 1063 928; x_wconf 88' lang='lat' dir='ltr'>amicabilis</span> <span class='ocrx_word' id='word_1_50' title='bbox 1082 881 1358 946; x_wconf 75' lang='lat' dir='ltr'>composicio</span> <span class='ocrx_word' id='word_1_51' title='bbox 1377 881 1636 932; x_wconf 89' lang='lat' dir='ltr'>interuenit</span> <span class='ocrx_word' id='word_1_52' title='bbox 1653 883 1872 933; x_wconf 88' lang='lat' dir='ltr'>videlicet</span> <span class='ocrx_word' id='word_1_53' title='bbox 1898 911 1909 923; x_wconf 93' lang='lat'><strong>·</strong></span> <span class='ocrx_word' id='word_1_54' title='bbox 1935 885 2063 950; x_wconf 90' lang='lat' dir='ltr'>quod</span> <span class='ocrx_word' id='word_1_55' title='bbox 2081 902 2169 951; x_wconf 85' lang='lat' dir='ltr'>ego</span> <span class='ocrx_word' id='word_1_56' title='bbox 2188 885 2432 935; x_wconf 87' lang='lat' dir='ltr'>Walterus</span> 
     </span>
     <span class='ocr_line' id='line_1_7' title="bbox 423 967 2431 1038; baseline 0.003 -21"><span class='ocrx_word' id='word_1_57' title='bbox 423 978 469 1017; x_wconf 86' lang='lat' dir='ltr'>et</span> <span class='ocrx_word' id='word_1_58' title='bbox 499 969 680 1034; x_wconf 86' lang='lat' dir='ltr'>Hawys</span> <span class='ocrx_word' id='word_1_59' title='bbox 715 969 876 1034; x_wconf 88' lang='lat' dir='ltr'>sponsa</span> <span class='ocrx_word' id='word_1_60' title='bbox 905 986 1013 1017; x_wconf 89' lang='lat' dir='ltr'>mea</span> <span class='ocrx_word' id='word_1_61' title='bbox 1044 967 1260 1017; x_wconf 85' lang='lat' dir='ltr'>dedimus</span> <span class='ocrx_word' id='word_1_62' title='bbox 1298 978 1345 1018; x_wconf 89' lang='lat' dir='ltr'>et</span> <span class='ocrx_word' id='word_1_63' title='bbox 1380 972 1680 1038; x_wconf 87' lang='lat' dir='ltr'>concessimus</span> <span class='ocrx_word' id='word_1_64' title='bbox 1718 973 1778 1021; x_wconf 90' lang='lat' dir='ltr'>de</span> <span class='ocrx_word' id='word_1_65' title='bbox 1813 973 1947 1021; x_wconf 87' lang='lat' dir='ltr'>nobis</span> <span class='ocrx_word' id='word_1_66' title='bbox 1982 982 2030 1022; x_wconf 95' lang='lat' dir='ltr'>et</span> <span class='ocrx_word' id='word_1_67' title='bbox 2061 973 2314 1023; x_wconf 83' lang='lat' dir='ltr'>heredibus</span> <span class='ocrx_word' id='word_1_68' title='bbox 2354 975 2431 1023; x_wconf 88' lang='lat' dir='ltr'>seu</span> 
     </span>
     <span class='ocr_line' id='line_1_8' title="bbox 422 1056 2432 1126; baseline 0.004 -24"><span class='ocrx_word' id='word_1_69' title='bbox 422 1056 651 1121; x_wconf 72' lang='lat' dir='ltr'>assignatis</span> <span class='ocrx_word' id='word_1_70' title='bbox 686 1056 816 1104; x_wconf 65' lang='lat' dir='ltr'>dictis</span> <span class='ocrx_word' id='word_1_71' title='bbox 850 1056 1068 1122; x_wconf 78' lang='lat' dir='ltr'>religiosis</span> <span class='ocrx_word' id='word_1_72' title='bbox 1104 1066 1151 1105; x_wconf 91' lang='lat' dir='ltr'>et</span> <span class='ocrx_word' id='word_1_73' title='bbox 1186 1074 1349 1105; x_wconf 91' lang='lat' dir='ltr'>eorum</span> <span class='ocrx_word' id='word_1_74' title='bbox 1382 1058 1709 1107; x_wconf 73' lang='lat' dir='ltr'>successoribus</span> <span class='ocrx_word' id='word_1_75' title='bbox 1755 1078 1895 1109; x_wconf 91' lang='lat' dir='ltr'>omne</span> <span class='ocrx_word' id='word_1_76' title='bbox 1924 1061 2006 1126; x_wconf 86' lang='lat' dir='ltr'>jus</span> <span class='ocrx_word' id='word_1_77' title='bbox 2043 1070 2091 1109; x_wconf 89' lang='lat' dir='ltr'>et</span> <span class='ocrx_word' id='word_1_78' title='bbox 2131 1060 2365 1110; x_wconf 88' lang='lat' dir='ltr'>clameum</span> <span class='ocrx_word' id='word_1_79' title='bbox 2400 1063 2432 1110; x_wconf 90' lang='lat' dir='ltr'><strong>fi</strong></span> 
     </span>
     <span class='ocr_line' id='line_1_9' title="bbox 422 1145 2432 1216; baseline 0.003 -24"><span class='ocrx_word' id='word_1_80' title='bbox 422 1145 548 1210; x_wconf 90' lang='lat' dir='ltr'>quod</span> <span class='ocrx_word' id='word_1_81' title='bbox 582 1145 630 1192; x_wconf 92' lang='lat' dir='ltr'>in</span> <span class='ocrx_word' id='word_1_82' title='bbox 662 1146 783 1194; x_wconf 57' lang='lat' dir='ltr'>dista</span> <span class='ocrx_word' id='word_1_83' title='bbox 817 1155 942 1194; x_wconf 86' lang='lat' dir='ltr'>terra</span> <span class='ocrx_word' id='word_1_84' title='bbox 979 1145 1227 1194; x_wconf 86' lang='lat' dir='ltr'>habuimus</span> <span class='ocrx_word' id='word_1_85' title='bbox 1262 1145 1336 1195; x_wconf 89' lang='lat' dir='ltr'>vel</span> <span class='ocrx_word' id='word_1_86' title='bbox 1370 1147 1640 1214; x_wconf 85' lang='lat' dir='ltr'>inposterim</span> <span class='ocrx_word' id='word_1_87' title='bbox 1677 1148 1849 1197; x_wconf 86' lang='lat' dir='ltr'>habere</span> <span class='ocrx_word' id='word_1_88' title='bbox 1890 1150 2149 1215; x_wconf 84' lang='lat' dir='ltr'>poterimus</span> <span class='ocrx_word' id='word_1_89' title='bbox 2189 1166 2276 1216; x_wconf 89' lang='lat' dir='ltr'>pro</span> <span class='ocrx_word' id='word_1_90' title='bbox 2314 1168 2432 1215; x_wconf 85' lang='lat' dir='ltr'>qua-</span> 
     </span>
     <span class='ocr_line' id='line_1_10' title="bbox 423 1233 2433 1303; baseline 0.002 -22"><span class='ocrx_word' id='word_1_91' title='bbox 423 1233 532 1282; x_wconf 87' lang='lat' dir='ltr'>dam</span> <span class='ocrx_word' id='word_1_92' title='bbox 559 1234 738 1282; x_wconf 89' lang='lat' dir='ltr'>summa</span> <span class='ocrx_word' id='word_1_93' title='bbox 764 1235 991 1300; x_wconf 89' lang='lat' dir='ltr'>peccunie</span> <span class='ocrx_word' id='word_1_94' title='bbox 1021 1251 1162 1299; x_wconf 93' lang='lat' dir='ltr'>quam</span> <span class='ocrx_word' id='word_1_95' title='bbox 1190 1235 1300 1284; x_wconf 62' lang='lat' dir='ltr'>dicti</span> <span class='ocrx_word' id='word_1_96' title='bbox 1326 1235 1522 1302; x_wconf 83' lang='lat' dir='ltr'>religiofi</span> <span class='ocrx_word' id='word_1_97' title='bbox 1554 1237 1603 1285; x_wconf 92' lang='lat' dir='ltr'>in</span> <span class='ocrx_word' id='word_1_98' title='bbox 1630 1256 1804 1303; x_wconf 83' lang='lat' dir='ltr'>magna</span> <span class='ocrx_word' id='word_1_99' title='bbox 1831 1239 1985 1286; x_wconf 84' lang='lat' dir='ltr'>nostra</span> <span class='ocrx_word' id='word_1_100' title='bbox 2010 1238 2275 1288; x_wconf 76' lang='lat' dir='ltr'>necestitate</span> <span class='ocrx_word' id='word_1_101' title='bbox 2298 1239 2433 1288; x_wconf 90' lang='lat' dir='ltr'>nobis</span> 
     </span>
     <span class='ocr_line' id='line_1_11' title="bbox 421 1323 2433 1392; baseline 0.003 -22"><span class='ocrx_word' id='word_1_102' title='bbox 421 1323 656 1372; x_wconf 86' lang='lat' dir='ltr'>dederunt</span> <span class='ocrx_word' id='word_1_103' title='bbox 686 1342 771 1390; x_wconf 92' lang='lat' dir='ltr'>pre</span> <span class='ocrx_word' id='word_1_104' title='bbox 807 1323 1022 1372; x_wconf 86' lang='lat' dir='ltr'>manibus</span> <span class='ocrx_word' id='word_1_105' title='bbox 1058 1341 1200 1388; x_wconf 89' lang='lat' dir='ltr'>quam</span> <span class='ocrx_word' id='word_1_106' title='bbox 1234 1325 1426 1390; x_wconf 90' lang='lat' dir='ltr'>quidem</span> <span class='ocrx_word' id='word_1_107' title='bbox 1461 1326 1688 1374; x_wconf 88' lang='lat' dir='ltr'>summam</span> <span class='ocrx_word' id='word_1_108' title='bbox 1724 1327 1951 1392; x_wconf 91' lang='lat' dir='ltr'>peccunie</span> <span class='ocrx_word' id='word_1_109' title='bbox 1988 1327 2308 1392; x_wconf 88' lang='lat' dir='ltr'>cognoscimus</span> <span class='ocrx_word' id='word_1_110' title='bbox 2346 1345 2433 1377; x_wconf 90' lang='lat' dir='ltr'>nos</span> 
     </span>
     <span class='ocr_line' id='line_1_12' title="bbox 421 1411 2433 1477; baseline 0 -18"><span class='ocrx_word' id='word_1_111' title='bbox 421 1411 630 1459; x_wconf 88' lang='lat' dir='ltr'>totaliter</span> <span class='ocrx_word' id='word_1_112' title='bbox 656 1412 874 1477; x_wconf 77' lang='lat' dir='ltr'>recepisse</span> <span class='ocrx_word' id='word_1_113' title='bbox 903 1421 951 1459; x_wconf 87' lang='lat' dir='ltr'>et</span> <span class='ocrx_word' id='word_1_114' title='bbox 974 1412 1023 1458; x_wconf 91' lang='lat' dir='ltr'>in</span> <span class='ocrx_word' id='word_1_115' title='bbox 1047 1413 1225 1460; x_wconf 85' lang='lat' dir='ltr'>nostros</span> <span class='ocrx_word' id='word_1_116' title='bbox 1248 1413 1351 1460; x_wconf 87' lang='lat' dir='ltr'>vsus</span> <span class='ocrx_word' id='word_1_117' title='bbox 1375 1412 1648 1461; x_wconf 79' lang='lat' dir='ltr'>necessarios</span> <span class='ocrx_word' id='word_1_118' title='bbox 1672 1412 1947 1460; x_wconf 77' lang='lat' dir='ltr'>conuertisse</span> <span class='ocrx_word' id='word_1_119' title='bbox 1982 1439 1992 1450; x_wconf 93' lang='lat'><strong>·</strong></span> <span class='ocrx_word' id='word_1_120' title='bbox 2026 1412 2355 1461; x_wconf 85' lang='lat' dir='ltr'>renunciantes</span> <span class='ocrx_word' id='word_1_121' title='bbox 2383 1412 2433 1459; x_wconf 92' lang='lat' dir='ltr'>in</span> 
     </span>
     <span class='ocr_line' id='line_1_13' title="bbox 421 1499 2432 1567; baseline 0 -19"><span class='ocrx_word' id='word_1_122' title='bbox 421 1500 510 1549; x_wconf 88' lang='lat' dir='ltr'>hac</span> <span class='ocrx_word' id='word_1_123' title='bbox 543 1510 678 1567; x_wconf 88' lang='lat' dir='ltr'>parte</span> <span class='ocrx_word' id='word_1_124' title='bbox 713 1501 876 1567; x_wconf 88' lang='lat' dir='ltr'>sponte</span> <span class='ocrx_word' id='word_1_125' title='bbox 911 1509 959 1549; x_wconf 87' lang='lat' dir='ltr'>et</span> <span class='ocrx_word' id='word_1_126' title='bbox 995 1500 1200 1549; x_wconf 87' lang='lat' dir='ltr'>absolute</span> <span class='ocrx_word' id='word_1_127' title='bbox 1227 1519 1314 1567; x_wconf 88' lang='lat' dir='ltr'>pro</span> <span class='ocrx_word' id='word_1_128' title='bbox 1346 1502 1481 1549; x_wconf 89' lang='lat' dir='ltr'>nobis</span> <span class='ocrx_word' id='word_1_129' title='bbox 1512 1509 1560 1549; x_wconf 94' lang='lat' dir='ltr'>et</span> <span class='ocrx_word' id='word_1_130' title='bbox 1586 1499 1840 1549; x_wconf 75' lang='lat' dir='ltr'>heredibus</span> <span class='ocrx_word' id='word_1_131' title='bbox 1874 1500 2038 1549; x_wconf 85' lang='lat' dir='ltr'>nostris</span> <span class='ocrx_word' id='word_1_132' title='bbox 2072 1502 2166 1550; x_wconf 85' lang='lat' dir='ltr'>flue</span> <span class='ocrx_word' id='word_1_133' title='bbox 2201 1500 2432 1567; x_wconf 87' lang='lat' dir='ltr'>aflignatis</span> 
     </span>
     <span class='ocr_line' id='line_1_14' title="bbox 424 1589 2434 1656; baseline 0 -19"><span class='ocrx_word' id='word_1_134' title='bbox 424 1590 556 1638; x_wconf 90' lang='lat' dir='ltr'>omni</span> <span class='ocrx_word' id='word_1_135' title='bbox 584 1590 706 1655; x_wconf 86' lang='lat' dir='ltr'>juris</span> <span class='ocrx_word' id='word_1_136' title='bbox 741 1598 790 1638; x_wconf 88' lang='lat' dir='ltr'>et</span> <span class='ocrx_word' id='word_1_137' title='bbox 824 1589 931 1638; x_wconf 57' lang='lat' dir='ltr'>faeti</span> <span class='ocrx_word' id='word_1_138' title='bbox 963 1590 1172 1638; x_wconf 90' lang='lat' dir='ltr'>remedio</span> <span class='ocrx_word' id='word_1_139' title='bbox 1207 1590 1474 1656; x_wconf 87' lang='lat' dir='ltr'>exceptioni</span> <span class='ocrx_word' id='word_1_140' title='bbox 1507 1608 1603 1638; x_wconf 92' lang='lat' dir='ltr'>non</span> <span class='ocrx_word' id='word_1_141' title='bbox 1636 1589 1753 1638; x_wconf 61' lang='lat' dir='ltr'>faffite</span> <span class='ocrx_word' id='word_1_142' title='bbox 1787 1589 2093 1655; x_wconf 87' lang='lat' dir='ltr'>promiffionis</span> <span class='ocrx_word' id='word_1_143' title='bbox 2127 1589 2352 1655; x_wconf 54' lang='lat' dir='ltr'>pastionis</span> <span class='ocrx_word' id='word_1_144' title='bbox 2386 1598 2434 1638; x_wconf 84' lang='lat' dir='ltr'>et</span> 
     </span>
     <span class='ocr_line' id='line_1_15' title="bbox 422 1676 2433 1742; baseline -0 -17"><span class='ocrx_word' id='word_1_145' title='bbox 422 1677 747 1725; x_wconf 88' lang='lat' dir='ltr'>conuentionis</span> <span class='ocrx_word' id='word_1_146' title='bbox 776 1686 824 1725; x_wconf 92' lang='lat' dir='ltr'>et</span> <span class='ocrx_word' id='word_1_147' title='bbox 846 1677 914 1725; x_wconf 92' lang='lat' dir='ltr'>rei</span> <span class='ocrx_word' id='word_1_148' title='bbox 937 1678 997 1725; x_wconf 90' lang='lat' dir='ltr'>fic</span> <span class='ocrx_word' id='word_1_149' title='bbox 1019 1694 1116 1725; x_wconf 93' lang='lat' dir='ltr'>non</span> <span class='ocrx_word' id='word_1_150' title='bbox 1144 1678 1270 1741; x_wconf 87' lang='lat' dir='ltr'>geste</span> <span class='ocrx_word' id='word_1_151' title='bbox 1294 1677 1390 1726; x_wconf 90' lang='lat' dir='ltr'>doli</span> <span class='ocrx_word' id='word_1_152' title='bbox 1421 1685 1469 1726; x_wconf 89' lang='lat' dir='ltr'>et</span> <span class='ocrx_word' id='word_1_153' title='bbox 1491 1677 1668 1725; x_wconf 88' lang='lat' dir='ltr'>fraudis</span> <span class='ocrx_word' id='word_1_154' title='bbox 1699 1676 1945 1742; x_wconf 87' lang='lat' dir='ltr'>priuilegio</span> <span class='ocrx_word' id='word_1_155' title='bbox 1967 1676 2057 1724; x_wconf 88' lang='lat' dir='ltr'>fori</span> <span class='ocrx_word' id='word_1_156' title='bbox 2087 1685 2136 1725; x_wconf 86' lang='lat' dir='ltr'>et</span> <span class='ocrx_word' id='word_1_157' title='bbox 2163 1677 2291 1724; x_wconf 90' lang='lat' dir='ltr'>omni</span> <span class='ocrx_word' id='word_1_158' title='bbox 2311 1677 2433 1742; x_wconf 85' lang='lat' dir='ltr'>juris</span> 
     </span>
     <span class='ocr_line' id='line_1_16' title="bbox 422 1762 2432 1831; baseline -0.001 -17"><span class='ocrx_word' id='word_1_159' title='bbox 422 1777 468 1815; x_wconf 91' lang='lat' dir='ltr'>et</span> <span class='ocrx_word' id='word_1_160' title='bbox 499 1765 659 1831; x_wconf 86' lang='lat' dir='ltr'>legum</span> <span class='ocrx_word' id='word_1_161' title='bbox 683 1765 855 1814; x_wconf 87' lang='lat' dir='ltr'>auxilio</span> <span class='ocrx_word' id='word_1_162' title='bbox 888 1765 1111 1814; x_wconf 89' lang='lat' dir='ltr'>canonice</span> <span class='ocrx_word' id='word_1_163' title='bbox 1143 1775 1191 1814; x_wconf 91' lang='lat' dir='ltr'>et</span> <span class='ocrx_word' id='word_1_164' title='bbox 1222 1765 1370 1814; x_wconf 85' lang='lat' dir='ltr'>ciuilis</span> <span class='ocrx_word' id='word_1_165' title='bbox 1400 1764 1725 1814; x_wconf 90' lang='lat' dir='ltr'>consuetudini</span> <span class='ocrx_word' id='word_1_166' title='bbox 1751 1773 1799 1812; x_wconf 88' lang='lat' dir='ltr'>et</span> <span class='ocrx_word' id='word_1_167' title='bbox 1832 1766 2005 1813; x_wconf 85' lang='lat' dir='ltr'>statuto</span> <span class='ocrx_word' id='word_1_168' title='bbox 2028 1782 2084 1813; x_wconf 86' lang='lat' dir='ltr'>ac</span> <span class='ocrx_word' id='word_1_169' title='bbox 2119 1765 2262 1813; x_wconf 88' lang='lat' dir='ltr'>etiam</span> <span class='ocrx_word' id='word_1_170' title='bbox 2284 1762 2432 1813; x_wconf 89' lang='lat' dir='ltr'>literis</span> 
     </span>
     <span class='ocr_line' id='line_1_17' title="bbox 419 1851 2431 1919; baseline -0 -18"><span class='ocrx_word' id='word_1_171' title='bbox 419 1854 559 1919; x_wconf 86' lang='lat' dir='ltr'>regiis</span> <span class='ocrx_word' id='word_1_172' title='bbox 600 1864 647 1902; x_wconf 93' lang='lat' dir='ltr'>et</span> <span class='ocrx_word' id='word_1_173' title='bbox 687 1853 947 1919; x_wconf 84' lang='lat' dir='ltr'>apostolicis</span> <span class='ocrx_word' id='word_1_174' title='bbox 984 1853 1248 1918; x_wconf 84' lang='lat' dir='ltr'>impetratis</span> <span class='ocrx_word' id='word_1_175' title='bbox 1285 1862 1332 1901; x_wconf 89' lang='lat' dir='ltr'>et</span> <span class='ocrx_word' id='word_1_176' title='bbox 1369 1852 1676 1918; x_wconf 83' lang='lat' dir='ltr'>impetrandis</span> <span class='ocrx_word' id='word_1_177' title='bbox 1716 1869 1771 1900; x_wconf 92' lang='lat' dir='ltr'>ac</span> <span class='ocrx_word' id='word_1_178' title='bbox 1808 1851 2025 1899; x_wconf 89' lang='lat' dir='ltr'>omnibus</span> <span class='ocrx_word' id='word_1_179' title='bbox 2062 1851 2163 1900; x_wconf 86' lang='lat' dir='ltr'>aliis</span> <span class='ocrx_word' id='word_1_180' title='bbox 2200 1861 2300 1900; x_wconf 87' lang='lat' dir='ltr'>tam</span> <span class='ocrx_word' id='word_1_181' title='bbox 2336 1870 2431 1901; x_wconf 91' lang='lat' dir='ltr'>non</span> 
     </span>
     <span class='ocr_line' id='line_1_18' title="bbox 421 1939 2433 2007; baseline -0.001 -16"><span class='ocrx_word' id='word_1_182' title='bbox 421 1942 672 1991; x_wconf 86' lang='lat' dir='ltr'>nominatis</span> <span class='ocrx_word' id='word_1_183' title='bbox 697 1960 838 2007; x_wconf 87' lang='lat' dir='ltr'>quam</span> <span class='ocrx_word' id='word_1_184' title='bbox 860 1941 1112 1990; x_wconf 89' lang='lat' dir='ltr'>nominatis</span> <span class='ocrx_word' id='word_1_185' title='bbox 1132 1967 1144 1979; x_wconf 92' lang='lat'><strong>·</strong></span> <span class='ocrx_word' id='word_1_186' title='bbox 1166 1940 1295 2007; x_wconf 91' lang='lat' dir='ltr'>[per]</span> <span class='ocrx_word' id='word_1_187' title='bbox 1317 1941 1445 2006; x_wconf 89' lang='lat' dir='ltr'>quod</span> <span class='ocrx_word' id='word_1_188' title='bbox 1466 1940 1655 2006; x_wconf 86' lang='lat' dir='ltr'>presens</span> <span class='ocrx_word' id='word_1_189' title='bbox 1678 1940 2042 1988; x_wconf 86' lang='lat' dir='ltr'>instrumentum</span> <span class='ocrx_word' id='word_1_190' title='bbox 2064 1941 2198 2006; x_wconf 88' lang='lat' dir='ltr'>poffit</span> <span class='ocrx_word' id='word_1_191' title='bbox 2217 1940 2338 1989; x_wconf 89' lang='lat' dir='ltr'>obici</span> <span class='ocrx_word' id='word_1_192' title='bbox 2360 1939 2433 1989; x_wconf 88' lang='lat' dir='ltr'>vel</span> 
     </span>
     <span class='ocr_line' id='line_1_19' title="bbox 420 2028 2433 2099; baseline -0.002 -18"><span class='ocrx_word' id='word_1_193' title='bbox 420 2032 597 2099; x_wconf 90' lang='lat' dir='ltr'>opponi</span> <span class='ocrx_word' id='word_1_194' title='bbox 625 2031 1027 2097; x_wconf 87' lang='lat' dir='ltr'>quocienscunque</span> <span class='ocrx_word' id='word_1_195' title='bbox 1056 2038 1219 2078; x_wconf 88' lang='lat' dir='ltr'>contra</span> <span class='ocrx_word' id='word_1_196' title='bbox 1245 2029 1466 2095; x_wconf 87' lang='lat' dir='ltr'>premissa</span> <span class='ocrx_word' id='word_1_197' title='bbox 1493 2028 1568 2077; x_wconf 88' lang='lat' dir='ltr'>vel</span> <span class='ocrx_word' id='word_1_198' title='bbox 1597 2028 1773 2094; x_wconf 88' lang='lat' dir='ltr'>aliquid</span> <span class='ocrx_word' id='word_1_199' title='bbox 1800 2028 2127 2094; x_wconf 74' lang='lat' dir='ltr'>premissorum</span> <span class='ocrx_word' id='word_1_200' title='bbox 2155 2029 2433 2094; x_wconf 82' lang='lat' dir='ltr'>impugnare</span> 
     </span>
     <span class='ocr_line' id='line_1_20' title="bbox 423 2116 2434 2185; baseline -0.001 -16"><span class='ocrx_word' id='word_1_201' title='bbox 423 2121 499 2170; x_wconf 84' lang='lat' dir='ltr'>vel</span> <span class='ocrx_word' id='word_1_202' title='bbox 520 2121 652 2169; x_wconf 88' lang='lat' dir='ltr'>litem</span> <span class='ocrx_word' id='word_1_203' title='bbox 673 2137 864 2168; x_wconf 88' lang='lat' dir='ltr'>mouere</span> <span class='ocrx_word' id='word_1_204' title='bbox 886 2118 1205 2185; x_wconf 87' lang='lat' dir='ltr'>presumamus</span> <span class='ocrx_word' id='word_1_205' title='bbox 1228 2117 1302 2166; x_wconf 89' lang='lat' dir='ltr'>vel</span> <span class='ocrx_word' id='word_1_206' title='bbox 1325 2117 1614 2166; x_wconf 87' lang='lat' dir='ltr'>intendimus</span> <span class='ocrx_word' id='word_1_207' title='bbox 1654 2144 1665 2156; x_wconf 90' lang='lat'><strong>·</strong></span> <span class='ocrx_word' id='word_1_208' title='bbox 1705 2116 1772 2165; x_wconf 93' lang='lat' dir='ltr'>Et</span> <span class='ocrx_word' id='word_1_209' title='bbox 1795 2116 1857 2164; x_wconf 91' lang='lat' dir='ltr'>ad</span> <span class='ocrx_word' id='word_1_210' title='bbox 1878 2118 2107 2180; x_wconf 87' lang='lat' dir='ltr'>majorem</span> <span class='ocrx_word' id='word_1_211' title='bbox 2130 2117 2198 2165; x_wconf 90' lang='lat' dir='ltr'>rei</span> <span class='ocrx_word' id='word_1_212' title='bbox 2219 2117 2434 2166; x_wconf 39' lang='lat' dir='ltr'>securitas</span> 
     </span>
     <span class='ocr_line' id='line_1_21' title="bbox 425 2204 2435 2272; baseline -0.001 -15"><span class='ocrx_word' id='word_1_213' title='bbox 425 2219 523 2258; x_wconf 84' lang='lat' dir='ltr'>tem</span> <span class='ocrx_word' id='word_1_214' title='bbox 545 2208 809 2256; x_wconf 85' lang='lat' dir='ltr'>faciendam</span> <span class='ocrx_word' id='word_1_215' title='bbox 832 2206 942 2254; x_wconf 86' lang='lat' dir='ltr'>huic</span> <span class='ocrx_word' id='word_1_216' title='bbox 965 2206 1133 2272; x_wconf 90' lang='lat' dir='ltr'>scripto</span> <span class='ocrx_word' id='word_1_217' title='bbox 1154 2205 1353 2272; x_wconf 80' lang='lat' dir='ltr'>sigillum</span> <span class='ocrx_word' id='word_1_218' title='bbox 1377 2205 1497 2253; x_wconf 57' lang='lat' dir='ltr'>diste</span> <span class='ocrx_word' id='word_1_219' title='bbox 1522 2205 1682 2270; x_wconf 92' lang='lat' dir='ltr'>sponse</span> <span class='ocrx_word' id='word_1_220' title='bbox 1716 2222 1820 2252; x_wconf 91' lang='lat' dir='ltr'>mee</span> <span class='ocrx_word' id='word_1_221' title='bbox 1845 2204 2143 2269; x_wconf 88' lang='lat' dir='ltr'>apposuimus</span> <span class='ocrx_word' id='word_1_222' title='bbox 2167 2222 2352 2254; x_wconf 91' lang='lat' dir='ltr'>necnon</span> <span class='ocrx_word' id='word_1_223' title='bbox 2387 2215 2435 2254; x_wconf 89' lang='lat' dir='ltr'>et</span> 
     </span>
     <span class='ocr_line' id='line_1_22' title="bbox 420 2293 2436 2364; baseline -0.001 -18"><span class='ocrx_word' id='word_1_224' title='bbox 420 2297 617 2364; x_wconf 81' lang='lat' dir='ltr'>sigillum</span> <span class='ocrx_word' id='word_1_225' title='bbox 645 2297 753 2346; x_wconf 67' lang='lat' dir='ltr'>diffl</span> <span class='ocrx_word' id='word_1_226' title='bbox 781 2296 1055 2345; x_wconf 87' lang='lat' dir='ltr'>venerabilis</span> <span class='ocrx_word' id='word_1_227' title='bbox 1088 2297 1237 2363; x_wconf 83' lang='lat' dir='ltr'>patris</span> <span class='ocrx_word' id='word_1_228' title='bbox 1272 2296 1474 2362; x_wconf 90' lang='lat' dir='ltr'>episcopi</span> <span class='ocrx_word' id='word_1_229' title='bbox 1499 2293 1849 2343; x_wconf 86' lang='lat' dir='ltr'>Dunblanenfis</span> <span class='ocrx_word' id='word_1_230' title='bbox 1885 2303 1932 2343; x_wconf 89' lang='lat' dir='ltr'>et</span> <span class='ocrx_word' id='word_1_231' title='bbox 1967 2293 2159 2344; x_wconf 83' lang='lat' dir='ltr'>Gristini</span> <span class='ocrx_word' id='word_1_232' title='bbox 2190 2295 2249 2344; x_wconf 91' lang='lat' dir='ltr'>de</span> <span class='ocrx_word' id='word_1_233' title='bbox 2279 2295 2436 2344; x_wconf 84' lang='lat' dir='ltr'>Insula</span> 
     </span>
     <span class='ocr_line' id='line_1_23' title="bbox 420 2383 2433 2450; baseline -0.001 -15"><span class='ocrx_word' id='word_1_234' title='bbox 420 2397 535 2435; x_wconf 88' lang='lat' dir='ltr'>tunc</span> <span class='ocrx_word' id='word_1_235' title='bbox 557 2386 840 2434; x_wconf 89' lang='lat' dir='ltr'>vicecomitis</span> <span class='ocrx_word' id='word_1_236' title='bbox 871 2386 931 2434; x_wconf 90' lang='lat' dir='ltr'>de</span> <span class='ocrx_word' id='word_1_237' title='bbox 959 2386 1108 2435; x_wconf 87' lang='lat' dir='ltr'>Perth</span> <span class='ocrx_word' id='word_1_238' title='bbox 1137 2394 1185 2435; x_wconf 92' lang='lat' dir='ltr'>et</span> <span class='ocrx_word' id='word_1_239' title='bbox 1208 2385 1241 2434; x_wconf 92' lang='lat' dir='ltr'><strong>J</strong></span> <span class='ocrx_word' id='word_1_240' title='bbox 1243 2384 1439 2434; x_wconf 87' lang='lat' dir='ltr'>ohannis</span> <span class='ocrx_word' id='word_1_241' title='bbox 1463 2384 1630 2433; x_wconf 92' lang='lat' dir='ltr'>Abbot</span> <span class='ocrx_word' id='word_1_242' title='bbox 1661 2393 1709 2432; x_wconf 90' lang='lat' dir='ltr'>et</span> <span class='ocrx_word' id='word_1_243' title='bbox 1737 2384 1770 2432; x_wconf 90' lang='lat' dir='ltr'><strong>J</strong></span> <span class='ocrx_word' id='word_1_244' title='bbox 1772 2383 1972 2432; x_wconf 90' lang='lat' dir='ltr'>ohannis</span> <span class='ocrx_word' id='word_1_245' title='bbox 1997 2383 2057 2432; x_wconf 92' lang='lat' dir='ltr'>de</span> <span class='ocrx_word' id='word_1_246' title='bbox 2081 2383 2230 2432; x_wconf 88' lang='lat' dir='ltr'>Perth</span> <span class='ocrx_word' id='word_1_247' title='bbox 2257 2385 2433 2450; x_wconf 88' lang='lat' dir='ltr'>apponi</span> 
     </span>
     <span class='ocr_line' id='line_1_24' title="bbox 422 2471 2432 2541; baseline -0.001 -18"><span class='ocrx_word' id='word_1_248' title='bbox 422 2475 780 2541; x_wconf 78' lang='lat' dir='ltr'>procurauimus</span> <span class='ocrx_word' id='word_1_249' title='bbox 806 2501 817 2513; x_wconf 92' lang='lat'><strong>·</strong></span> <span class='ocrx_word' id='word_1_250' title='bbox 845 2474 953 2522; x_wconf 89' lang='lat' dir='ltr'>Hiis</span> <span class='ocrx_word' id='word_1_251' title='bbox 976 2474 1168 2523; x_wconf 82' lang='lat' dir='ltr'>testibus</span> <span class='ocrx_word' id='word_1_252' title='bbox 1197 2474 1388 2523; x_wconf 91' lang='lat' dir='ltr'>domino</span> <span class='ocrx_word' id='word_1_253' title='bbox 1418 2474 1632 2522; x_wconf 87' lang='lat' dir='ltr'>Roberto</span> <span class='ocrx_word' id='word_1_254' title='bbox 1660 2472 1738 2520; x_wconf 89' lang='lat' dir='ltr'>dei</span> <span class='ocrx_word' id='word_1_255' title='bbox 1764 2472 1917 2538; x_wconf 84' lang='lat' dir='ltr'>gratia</span> <span class='ocrx_word' id='word_1_256' title='bbox 1944 2472 2159 2538; x_wconf 82' lang='lat' dir='ltr'>episcopo</span> <span class='ocrx_word' id='word_1_257' title='bbox 2183 2471 2432 2521; x_wconf 92' lang='lat' dir='ltr'>Dunblan-</span> 
     </span>
     <span class='ocr_line' id='line_1_25' title="bbox 423 2559 2431 2618; baseline -0.001 -6"><span class='ocrx_word' id='word_1_258' title='bbox 423 2565 515 2612; x_wconf 89' lang='lat' dir='ltr'>enfi</span> <span class='ocrx_word' id='word_1_259' title='bbox 552 2590 563 2602; x_wconf 92' lang='lat'><strong>·</strong></span> <span class='ocrx_word' id='word_1_260' title='bbox 599 2581 783 2611; x_wconf 92' lang='lat' dir='ltr'>necnon</span> <span class='ocrx_word' id='word_1_261' title='bbox 811 2561 1048 2611; x_wconf 90' lang='lat' dir='ltr'>Willelmo</span> <span class='ocrx_word' id='word_1_262' title='bbox 1078 2563 1139 2612; x_wconf 91' lang='lat' dir='ltr'>de</span> <span class='ocrx_word' id='word_1_263' title='bbox 1173 2562 1392 2618; x_wconf 62' lang='lat' dir='ltr'>morauia</span> <span class='ocrx_word' id='word_1_264' title='bbox 1425 2561 1575 2610; x_wconf 89' lang='lat' dir='ltr'>milite</span> <span class='ocrx_word' id='word_1_265' title='bbox 1602 2589 1612 2599; x_wconf 95' lang='lat'><strong>·</strong></span> <span class='ocrx_word' id='word_1_266' title='bbox 1650 2560 1851 2609; x_wconf 82' lang='lat' dir='ltr'>Oristino</span> <span class='ocrx_word' id='word_1_267' title='bbox 1884 2559 1943 2608; x_wconf 92' lang='lat' dir='ltr'>de</span> <span class='ocrx_word' id='word_1_268' title='bbox 1974 2559 2131 2608; x_wconf 89' lang='lat' dir='ltr'>Insula</span> <span class='ocrx_word' id='word_1_269' title='bbox 2168 2568 2283 2609; x_wconf 85' lang='lat' dir='ltr'>tunc</span> <span class='ocrx_word' id='word_1_270' title='bbox 2313 2561 2431 2610; x_wconf 87' lang='lat' dir='ltr'>vice-</span> 
     </span>
     <span class='ocr_line' id='line_1_26' title="bbox 422 2646 2430 2699; baseline -0.002 0"><span class='ocrx_word' id='word_1_271' title='bbox 422 2650 592 2699; x_wconf 87' lang='lat' dir='ltr'>comite</span> <span class='ocrx_word' id='word_1_272' title='bbox 616 2650 674 2698; x_wconf 90' lang='lat' dir='ltr'>de</span> <span class='ocrx_word' id='word_1_273' title='bbox 699 2649 846 2698; x_wconf 88' lang='lat' dir='ltr'>Perth</span> <span class='ocrx_word' id='word_1_274' title='bbox 881 2677 892 2688; x_wconf 92' lang='lat'><strong>·</strong></span> <span class='ocrx_word' id='word_1_275' title='bbox 928 2649 1147 2699; x_wconf 88' lang='lat' dir='ltr'>Johanne</span> <span class='ocrx_word' id='word_1_276' title='bbox 1171 2649 1335 2698; x_wconf 83' lang='lat' dir='ltr'>Abbot</span> <span class='ocrx_word' id='word_1_277' title='bbox 1366 2677 1377 2687; x_wconf 92' lang='lat'><strong>·</strong></span> <span class='ocrx_word' id='word_1_278' title='bbox 1403 2648 1592 2697; x_wconf 86' lang='lat' dir='ltr'>Thoma</span> <span class='ocrx_word' id='word_1_279' title='bbox 1614 2648 1674 2697; x_wconf 90' lang='lat' dir='ltr'>de</span> <span class='ocrx_word' id='word_1_280' title='bbox 1699 2646 1856 2695; x_wconf 91' lang='lat' dir='ltr'>Insula</span> <span class='ocrx_word' id='word_1_281' title='bbox 1879 2673 1891 2686; x_wconf 90' lang='lat'><strong>·</strong></span> <span class='ocrx_word' id='word_1_282' title='bbox 1917 2647 1950 2696; x_wconf 92' lang='lat' dir='ltr'><strong>J</strong></span> <span class='ocrx_word' id='word_1_283' title='bbox 1952 2646 2137 2695; x_wconf 90' lang='lat' dir='ltr'>ohanne</span> <span class='ocrx_word' id='word_1_284' title='bbox 2162 2646 2222 2695; x_wconf 90' lang='lat' dir='ltr'>de</span> <span class='ocrx_word' id='word_1_285' title='bbox 2245 2647 2394 2696; x_wconf 87' lang='lat' dir='ltr'>Perth</span> <span class='ocrx_word' id='word_1_286' title='bbox 2419 2676 2430 2686; x_wconf 92' lang='lat'><strong>·</strong></span> 
     </span>
     <span class='ocr_line' id='line_1_27' title="bbox 424 2734 2432 2804; baseline -0.001 -18"><span class='ocrx_word' id='word_1_287' title='bbox 424 2737 660 2786; x_wconf 92' lang='lat' dir='ltr'>Willelmo</span> <span class='ocrx_word' id='word_1_288' title='bbox 679 2737 772 2786; x_wconf 91' lang='lat' dir='ltr'>filio</span> <span class='ocrx_word' id='word_1_289' title='bbox 781 2737 1015 2804; x_wconf 85' lang='lat' dir='ltr'>Wymark</span> <span class='ocrx_word' id='word_1_290' title='bbox 1033 2764 1044 2777; x_wconf 93' lang='lat'><strong>·</strong></span> <span class='ocrx_word' id='word_1_291' title='bbox 1062 2737 1094 2787; x_wconf 88' lang='lat' dir='ltr'>J</span> <span class='ocrx_word' id='word_1_292' title='bbox 1096 2737 1282 2786; x_wconf 87' lang='lat' dir='ltr'>ohanne</span> <span class='ocrx_word' id='word_1_293' title='bbox 1302 2736 1398 2785; x_wconf 90' lang='lat' dir='ltr'>filio</span> <span class='ocrx_word' id='word_1_294' title='bbox 1418 2736 1613 2785; x_wconf 85' lang='lat' dir='ltr'>Ricardi</span> <span class='ocrx_word' id='word_1_295' title='bbox 1629 2734 1813 2784; x_wconf 86' lang='lat' dir='ltr'>balliuis</span> <span class='ocrx_word' id='word_1_296' title='bbox 1831 2743 1946 2783; x_wconf 85' lang='lat' dir='ltr'>tunc</span> <span class='ocrx_word' id='word_1_297' title='bbox 1962 2734 2187 2801; x_wconf 86' lang='lat' dir='ltr'>temporis</span> <span class='ocrx_word' id='word_1_298' title='bbox 2206 2734 2265 2784; x_wconf 91' lang='lat' dir='ltr'>de</span> <span class='ocrx_word' id='word_1_299' title='bbox 2284 2735 2432 2784; x_wconf 90' lang='lat' dir='ltr'>Perth</span> 
     </span>
     <span class='ocr_line' id='line_1_28' title="bbox 426 2825 817 2892; baseline -0.005 -16"><span class='ocrx_word' id='word_1_300' title='bbox 426 2836 474 2876; x_wconf 89' lang='lat' dir='ltr'>et</span> <span class='ocrx_word' id='word_1_301' title='bbox 498 2825 658 2874; x_wconf 85' lang='lat' dir='ltr'>multis</span> <span class='ocrx_word' id='word_1_302' title='bbox 683 2825 785 2892; x_wconf 83' lang='lat' dir='ltr'>alijs</span> <span class='ocrx_word' id='word_1_303' title='bbox 806 2853 817 2865; x_wconf 91' lang='lat'><strong>·</strong></span> 
     </span>
    </p>
   </div>
  </div>
 </body>
</html>
