2808 3926
394 360 426 401 4
1154 347 1633 399 REGISTRUM

396 515 444 555 et
480 505 741 555 intentione
777 521 871 570 qua
907 501 1075 567 aliquis
1111 501 1242 550 locus
1275 501 1325 548 in
1359 509 1461 548 toto
1495 516 1642 565 regno
1677 498 1951 549 Scottorum
1985 500 2176 551 liberius
2210 503 2403 552 solutius

398 593 607 659 quiecius
648 600 699 642 et
737 588 1125 640 honorificentius
1170 587 1330 636 divino
1375 586 1524 635 cultui
1564 596 1612 636 et
1651 587 1806 636 sancte
1850 587 2066 654 religioni
2111 589 2368 656 deputatur
2392 619 2403 630 ·

399 699 596 746 eamque
620 697 727 729 cum
752 677 970 728 omnibus
1001 675 1344 741 pofl'eflionibus
1376 692 1492 740 quas
1521 675 1747 723 hactenus
1775 675 1819 724 ei
1845 693 1931 741 per
1959 693 2045 724 nos
2072 678 2162 725 five
2184 695 2271 742 per
2293 678 2407 728 alios

400 769 563 818 fideles
598 768 757 816 divina
788 765 980 831 largitas
1015 763 1214 813 contulit
1241 763 1318 813 vel
1348 762 1518 811 amodo
1554 760 1779 809 collatura
1810 762 1875 810 est
1904 761 2110 810 custodie
2143 771 2190 810 et
2222 761 2407 828 dispen-

402 855 566 905 sationi
595 854 774 903 domini
800 851 982 905 COalicii
1009 870 1041 918 p
1059 879 1070 891 ·
1097 879 1109 890 ·
1137 881 1147 890 ·
1191 851 1464 911 eteremite
1499 849 1837 899 committimus
1869 849 1928 898 de
1959 849 2100 915 ipfius
2131 850 2408 899 discretione

401 953 449 992 et
471 943 696 1008 religione
720 940 978 1007 plurimum
1002 939 1292 989 confidentes
1326 966 1337 977 ·
1373 938 1518 988 Unde
1541 937 1757 986 volumus
1785 946 1840 985 ut
1866 937 1993 985 idem
2016 936 2237 992 COalicius
2264 937 2410 987 libera

402 1038 561 1078 vtatur
595 1028 818 1077 facultate
856 1028 1156 1093 quoscunque
1191 1026 1392 1076 voluerit
1427 1026 1584 1075 secum
1620 1025 1911 1091 aggregandi
1947 1034 1995 1074 et
2034 1042 2113 1074 eos
2153 1026 2410 1074 secundum

400 1116 613 1183 regulam
641 1116 784 1165 sanffi
811 1115 1067 1182 Augustini
1098 1133 1153 1163 eo
1186 1132 1327 1180 quem
1354 1114 1513 1178 potius
1540 1113 1752 1163 statuerit
1782 1113 1926 1161 modo
1956 1113 2017 1161 ad
2043 1113 2142 1162 Dei
2170 1113 2411 1162 seruitium

401 1204 687 1253 informandi
719 1231 730 1243 ·
765 1204 877 1253 Post
905 1203 1140 1252 decessum
1163 1220 1275 1252 vero
1303 1202 1426 1251 illius
1455 1219 1515 1251 ex
1541 1211 1678 1268 parte
1709 1201 1808 1250 Dei
1834 1201 2138 1268 prohibemus
2162 1221 2221 1250 ne
2245 1202 2410 1267 aliquis

402 1292 595 1341 omnino
634 1309 721 1358 per
760 1291 1071 1358 cupiditatem
1108 1290 1463 1357 congregationi
1501 1289 1623 1338 illius
1662 1290 1753 1339 loci
1791 1290 1835 1338 se
1874 1300 2106 1356 proponat
2148 1290 2229 1338 nifi
2270 1309 2411 1356 quem

396 1381 598 1429 fratrum
622 1396 816 1428 concors
835 1378 1001 1427 electio
1019 1396 1104 1444 per
1121 1378 1346 1426 assensum
1368 1379 1577 1427 nostrum
1599 1378 1682 1427 fibi
1705 1379 1994 1444 preposuerit
2017 1397 2106 1427 nec
2129 1378 2294 1443 aliquis
2317 1381 2411 1428 siue

404 1466 647 1532 episcopus
674 1466 729 1515 fit
751 1467 844 1515 flue
867 1465 1005 1514 heres
1027 1467 1182 1515 noster
1203 1466 1440 1532 presumat
1461 1466 1578 1515 inibi
1600 1466 1804 1531 aliquem
1828 1476 1992 1516 contra
2014 1484 2193 1515 meram
2214 1467 2413 1515 fratrum

337 1550 342 1555 ’
402 1551 694 1600 voluntatem
717 1552 959 1601 intrudere
977 1581 987 1591 ·
1005 1552 1164 1601 locum
1187 1571 1296 1601 cum
1319 1555 1524 1603 eundem
1547 1555 1615 1603 ita
1638 1554 1860 1603 dilectum
1882 1554 2112 1603 habemus
2135 1554 2262 1619 quod
2284 1554 2334 1601 in
2358 1572 2413 1602 eo

403 1638 538 1687 nobis
576 1648 624 1687 et
664 1639 991 1688 successoribus
1032 1641 1198 1688 nostris
1237 1641 1524 1707 sepulturam
1561 1641 1778 1707 eligimus
1819 1651 1867 1691 et
1900 1643 2004 1707 jam
2043 1642 2413 1707 primogenitum

404 1728 613 1775 nostrum
636 1727 812 1775 ibidem
834 1727 1148 1794 sepelliuimus
1175 1758 1185 1768 ·
1213 1729 1324 1780 Deo
1348 1730 1490 1796 igitur
1518 1740 1565 1779 et
1591 1731 1747 1779 sancte
1770 1730 1925 1785 COarie
1952 1731 2131 1794 semper
2154 1730 2341 1795 Virgini
2368 1739 2415 1778 et

404 1819 557 1867 fausto
581 1819 792 1867 Johanni
822 1819 1027 1885 apostolo
1059 1819 1266 1885 ejusdem
1296 1818 1586 1885 procuratori
1617 1827 1664 1866 et
1695 1817 1878 1883 prefato
1907 1817 2096 1872 malisio
2124 1827 2171 1866 et
2199 1818 2416 1865 omnibus

405 1908 454 1954 in
482 1908 694 1973 predicta
716 1907 864 1955 insula
886 1907 995 1956 Deo
1019 1906 1329 1955 seruientibus
1352 1916 1400 1954 et
1422 1906 1662 1955 seruituris
1691 1905 1901 1954 ecclesias
1925 1914 1973 1953 et
1995 1905 2284 1970 poffefliones
2308 1905 2416 1953 sub-

405 1997 596 2062 scriptas
620 1997 787 2044 damus
813 2005 860 2044 et
884 1995 1185 2044 concedimus
1204 2003 1252 2043 et
1269 1994 1494 2059 presentis
1509 1994 1667 2060 scripti
1683 1993 1947 2042 munimine
1969 2010 2055 2058 per
2077 1993 2418 2059 impreffionem

406 2084 538 2151 sigilli
572 2085 716 2134 nostri
752 2085 1087 2133 confirmamus
1125 2111 1137 2123 ·
1177 2082 1416 2132 ecclefiam
1445 2083 1587 2131 sancti
1618 2082 1818 2131 Kattani
1853 2082 1912 2130 de
1941 2081 2380 2148 Abbyrruotheuen
2400 2111 2415 2124 ι

409 2173 645 2224 ecclefiam
667 2173 809 2222 sancti
831 2172 1088 2222 Ethirnani
1110 2172 1170 2221 de
1187 2172 1485 2239 COaddyrnin
1503 2199 1515 2211 ·
1542 2171 1780 2221 ecclefiam
1802 2171 1947 2220 sancti
1971 2171 2165 2219 Patricii
2183 2172 2243 2220 de
2265 2171 2417 2220 Straf-

408 2263 526 2312 keth
565 2290 576 2301 ·
620 2262 857 2312 ecclesiam
897 2261 1039 2310 sancti
1070 2261 1374 2316 COecheffeok
1409 2261 1468 2309 de
1501 2260 1915 2310 Eochterardouar
1953 2287 1964 2300 ·
2004 2259 2239 2308 ecclesiam
2273 2260 2420 2309 sancti

410 2352 564 2401 Beani
597 2352 656 2400 de
695 2350 906 2418 Kynkell
939 2378 951 2390 ·
988 2350 1221 2399 decimam
1248 2350 1461 2398 omnium
1489 2367 1751 2399 cannorum
1778 2350 2042 2398 nostrorum
2071 2358 2118 2398 et
2144 2349 2419 2397 reddituum

412 2443 674 2491 nostrorum
709 2441 760 2489 in
793 2441 1029 2489 frumento
1058 2439 1211 2488 farina
1243 2440 1392 2487 brafio
1425 2455 1573 2504 grano
1610 2438 1737 2486 cafiis
1774 2446 1822 2485 et
1859 2437 2078 2486 omnibus
2113 2437 2296 2485 cibariis
2328 2454 2419 2502 que

413 2530 661 2580 annuatim
678 2529 1015 2594 expenduntur
1037 2528 1087 2576 in
1111 2527 1241 2576 curia
1260 2528 1418 2576 nostra
1441 2553 1454 2565 ·
1479 2536 1528 2575 et
1550 2527 1784 2575 decimam
1806 2526 1951 2574 totius
1968 2526 2092 2592 pissis
2116 2544 2206 2591 que
2230 2526 2291 2574 ad
2309 2543 2420 2590 quo-

414 2620 608 2686 quinam
630 2619 834 2667 nostram
851 2617 1063 2666 defertur
1080 2631 1094 2656 '-
1118 2625 1166 2665 et
1184 2616 1418 2664 decimam
1433 2615 1697 2664 venationis
1714 2615 1867 2664 nostre
1886 2623 1934 2664 et
1952 2615 2185 2664 decimam
2209 2615 2421 2663 omnium

411 2709 651 2758 lucrorum
674 2725 765 2772 que
780 2705 1066 2772 perveniant
1088 2705 1148 2754 de
1170 2704 1356 2771 placitis
1379 2704 1545 2753 nostris
1569 2712 1618 2753 et
1640 2703 1700 2752 de
1723 2703 2085 2753 obventionibus
2107 2703 2388 2752 omnimodis
2408 2730 2419 2741 ·

415 2796 653 2846 licentiam
672 2813 858 2861 quoque
872 2794 1083 2861 'piscandi
1104 2794 1155 2842 in
1178 2812 1198 2833 ⁴·
1223 2820 1236 2832 ·
1262 2820 1275 2832 ·
1292 2793 1413 2842 ferin
1436 2792 1626 2858 quando
1649 2801 1697 2841 et
1720 2809 1908 2858 quoquo
1924 2792 2158 2841 voluerint
2186 2820 2199 2830 -
2227 2801 2275 2841 et
2299 2793 2420 2858 capi-

416 2886 528 2937 endi
550 2885 600 2933 in
622 2883 893 2933 nemoribus
915 2883 1082 2932 nostris
1103 2882 1371 2948 vbicunque
1392 2881 1475 2930 fibi
1496 2881 1647 2947 magis
1670 2888 1993 2947 opportunum
2013 2881 2155 2930 fuerit
2176 2882 2422 2930 materiem

417 2975 479 3025 ad
513 2973 858 3024 edificationem
889 2972 1136 3021 domorum
1170 2971 1359 3020 suarum
1389 2979 1437 3020 et
1465 2970 1739 3019 utensilium
1770 2978 1818 3019 et
1853 2970 1915 3019 ad
1947 2970 2129 3036 pastum
2163 2969 2287 3036 ignis
2325 2997 2337 3009 ·
2377 2980 2424 3019 et

416 3073 512 3113 tres
534 3078 665 3111 acras
691 3069 815 3111 terre
840 3060 964 3110 illius
987 3078 1078 3126 que
1101 3060 1318 3127 proxima
1340 3059 1407 3109 est
1429 3058 1575 3108 insule
1597 3058 1753 3108 versus
1777 3057 2045 3124 aquilonem
2069 3075 2184 3124 quas
2208 3057 2424 3107 dedimus
