2756 3926
1094 417 1310 461 INDEX
1339 418 1687 462 NOMINUM.
2319 427 2406 470 153

381 553 571 601 Mox-auia,
589 553 770 594 Andreas
789 555 851 602 de,
869 555 1049 595 dominus
1078 556 1129 596 de
1154 555 1362 607 Tullybar-
1429 555 1603 602 Oeam,
1622 556 1802 596 dominus
1823 557 1886 607 de,
1903 555 2128 600 Alexander
2150 561 2202 601 de
2218 561 2405 607 Uerania,

487 618 580 669 dyn,
600 619 665 666 45,
685 617 751 660 46.
946 624 949 627 ’
1533 620 1624 658 xlvi.
1641 621 1761 659 xlviii.

505 683 636 721 Dauid
655 683 716 730 de,
736 683 829 722 xlix.
1427 682 1590 730 Olifard,
1608 685 1822 736 Philippus,
1841 685 1907 734 36,
1927 686 1992 728 56.

380 770 488 779 —--
502 747 680 786 dominus
697 747 918 799 Freskynus
933 748 996 795 de,
1014 748 1146 787 xxxiv.
1424 770 1534 779 ——
1545 748 1752 796 Walterus,
1772 748 1809 796 6,
1827 751 1891 790 14.

380 833 489 842 —-
507 810 711 850 Gilbertus
730 811 792 857 de,
813 811 879 858 15,
899 811 965 851 58.
1427 810 1614 859 Olisaunt,
1632 812 1838 861 Walterus,
1855 815 1949 854 xliv.

1549 876 1776 924 willelmus,
1796 878 1847 916 xl.
1866 878 1946 918 xlii.

504 874 533 914 J
533 875 703 914 ohannes
721 875 783 922 de,
801 887 892 914 xxv.

379 962 488 971 —-
509 938 707 978 Johannes
735 939 796 986 de,
823 939 874 980 de
899 939 1188 991 Droneyrgard,
1213 939 1268 980 xl.
1290 938 1359 979 xli.
1426 938 1546 978 Olaus
1565 940 1813 991 Thur-genus,
1831 942 1931 989 Rex,
1949 943 2019 982 liii.

484 1003 580 1041 xliii.
1426 1002 1593 1043 Orcadie
1618 1017 1755 1052 eomes,
1781 1006 1960 1046 dominus
1987 1006 2176 1055 Muluius,
2200 1021 2326 1049 eomes
2353 1009 2403 1048 de

379 1092 487 1099 -—
503 1067 732 1107 Malcolmus
779 1068 841 1115 de,
886 1067 1020 1107 xxxiii.
1064 1067 1196 1107 xxxiv.
1241 1077 1358 1107 xxxv.
1422 1110 1426 1115 ,
1529 1067 1774 1120 Sti-atheryn,
1792 1070 1859 1108 liv.

484 1132 615 1171 xxxvi.
632 1132 778 1171 xxxvii.
1548 1143 1688 1179 comes,
1717 1133 1895 1173 dominus
1924 1133 2139 1174 willelmus
2172 1135 2224 1175 de
2259 1135 2404 1176 saneto

507 1209 646 1247 sponsa
668 1196 850 1235 Willelmi
873 1196 936 1243 de,
958 1195 1060 1243 Ada,
1087 1207 1205 1236 xxxv.
1226 1195 1357 1235 xxxvi.
1530 1195 1654 1242 Claro,
1674 1197 1854 1237 dominus
1871 1198 1909 1237 le
1928 1198 2090 1246 Sinala,
2105 1199 2172 1239 liv.
2191 1200 2242 1239 lv.

481 1260 627 1299 xxxvii.
646 1260 700 1299 xl.
718 1261 788 1299 xli.
1545 1272 1686 1308 comes,
1706 1260 1843 1300 Ericus
1860 1262 1980 1302 frater
1997 1262 2178 1311 Rolandi,
2196 1264 2264 1303 liii.

500 1337 599 1363 uxor
615 1324 832 1366 Alexandri
849 1323 911 1370 de,
929 1323 1123 1370 Johmna,
1142 1323 1264 1363 xlviii.
1422 1344 1524 1355 ——
1540 1336 1680 1372 comes,
1690 1325 1849 1365 Erlinua
1859 1326 2126 1377 primfflmliun
2135 1328 2324 1374 Thu-fini,
2330 1328 2401 1368 lm

374 1412 483 1420 ——-
502 1389 700 1428 Walterus
731 1389 794 1434 de,
825 1388 1016 1428 Dominus
1046 1389 1098 1427 de
1133 1387 1358 1440 Tolibardy,
1549 1400 1686 1435 comes,
1716 1389 1876 1428 Erlinus
1911 1391 2116 1439 necandus,
2151 1392 2253 1432 filius
2277 1392 2404 1432 Erlini

479 1451 546 1498 37,
563 1453 642 1492 xlv.
660 1453 769 1492 xlvii.
787 1452 883 1492 xlix.
901 1451 930 1491 1.
1527 1452 1654 1502 primi,
1671 1452 1742 1491 liii.

374 1541 482 1550 --
497 1516 712 1556 willelmus
755 1517 818 1564 de,
868 1529 986 1556 xxxv·
1035 1517 1166 1557 xxxvi.
1211 1517 1357 1557 xxxvii.
1547 1529 1685 1564 eomes,
1704 1517 1887 1569 Eyward,
1907 1519 1974 1569 qui
1999 1524 2135 1570 postea
2160 1521 2405 1571 cognomina-

477 1582 637 1621 xxxviii.
656 1583 790 1621 xxxix.
809 1582 901 1622 xliv.
1527 1581 1644 1620 batur
1662 1581 1849 1629 Turffeffl,
1867 1582 1922 1629 lii.
1941 1583 2010 1622 liii.

372 1668 482 1682 —--
497 1646 713 1686 willelmus
732 1647 794 1693 de,
812 1647 915 1686 filius
930 1647 1091 1687 Δηὼ-ρο
1108 1647 1170 1694 de,
1189 1647 1243 1686 xl.
1422 1668 1531 1675 ——
1547 1656 1688 1692 comes,
1708 1645 1909 1686 Gilbertus
1926 1647 2085 1698 primus,
2103 1647 2172 1686 liii.

373 1735 480 1744 —-—
504 1711 683 1750 dominus
700 1711 915 1750 Willelmus
940 1712 1002 1759 de,
1029 1712 1132 1752 filius
1159 1711 1357 1752 Maloolmi
1547 1722 1686 1757 comes,
1721 1710 1924 1750 Gilbertus
1952 1712 2157 1760 secundus,
2183 1713 2284 1752 filius
2317 1714 2403 1753 Gil-

478 1776 542 1823 de,
563 1775 628 1822 17,
648 1776 714 1823 41,
733 1775 799 1822 42,
820 1776 886 1817 70.
1525 1775 1628 1814 berti
1645 1775 1771 1825 primi,
1789 1775 1859 1814 liii.

372 1841 499 1887 More,
518 1841 720 1887 Makbeth‚
739 1841 805 1879 23.
950 1874 955 1881 ,
1163 1878 1166 1882 ,
1420 1863 1528 1871 -—-—
1545 1852 1683 1887 comes,
1704 1839 1949 1889 Gothornus,
1962 1841 2064 1880 filius
2083 1841 2247 1890 Swardi,
2264 1842 2320 1880 lii.

497 1918 637 1956 sponsa
654 1904 863 1955 Reginaldi
879 1905 942 1952 de,
960 1904 1166 1953 cristiana,
1184 1906 1280 1946 xliv.
1419 1926 1528 1935 ——-
1545 1915 1684 1950 eomes,
1703 1903 1868 1952 Haecin,
1886 1905 1988 1948 filius
2006 1906 2131 1952 Pauli,
2149 1906 2218 1944 liii.

371 1969 624 2021 Morssymare,
643 1970 763 2020 Hugo
781 1969 844 2015 de,
861 1970 966 2020 prior
984 1970 1034 2009 de
1051 1970 1160 2018 Maii,
1180 1971 1246 2011 14.
1418 1990 1527 2001 ---
1544 1980 1684 2014 eomes,
1703 1968 1910 2012 Haraldus,
1928 1969 1998 2009 liii.

370 2034 551 2081 Moruile,
570 2034 760 2072 Rieardus
778 2034 840 2081 de,
860 2033 1214 2089 (constabularium)
1234 2035 1272 2076 6.
1544 2045 1682 2078 comeS,
1696 2032 1890 2072 Hem-icus
1904 2034 1955 2074 de
1973 2035 2117 2074 Sancto
2138 2034 2252 2077 Claro
2265 2047 2402 2075 secun-

371 2098 552 2149 Mubray,
571 2098 773 2149 Philippus
789 2098 852 2144 de,
870 2111 960 2138 xxv.
1526 2097 1611 2144 dus,
1630 2097 1681 2135 lv.
1700 2097 1766 2136 lvi.
2032 2142 2035 2146 ¹

370 2162 580 2214 Mukyrsy,
595 2168 724 2202 rector
741 2163 804 2210 de,
817 2163 1045 2210 Willelmuzi,
1060 2162 1126 2204 77.
1417 2180 1524 2190 -—-
1558 2173 1697 2210 comes,
1734 2161 1989 2209 Itlanderver,
2025 2162 2129 2202 filius
2170 2163 2400 2204 Thurwider

371 2228 632 2273 Munimuske,
651 2227 806 2266 domina
829 2226 976 2267 Joneta
999 2228 1062 2275 de,
1086 2241 1196 2268 soror
1217 2230 1352 2281 regine
1526 2224 1754 2272 Gedolevat,
1774 2226 1842 2264 liii·

476 2292 664 2338 Eufemie‚
684 2292 790 2331 xlvii.
1416 2309 1526 2322 --—-
1542 2301 1680 2336 comeS,
1700 2290 1728 2328 J
1729 2302 1885 2335 eanum,
1903 2290 2005 2329 filius
2022 2289 2198 2338 Haraldi,
2217 2291 2287 2330 liii.

369 2356 548 2403 Muriela,
575 2356 655 2394 filia
674 2356 861 2395 Coneuall
887 2356 967 2396 fllia
992 2356 1208 2405 Dunemni,
1233 2370 1350 2398 xxxv.
1542 2365 1680 2400 comes,
1695 2354 1880 2399 3081111θὸ»
1894 2354 2014 2393 frater
2026 2355 2163 2405 Magni
2181 2355 2396 2406 quartffliv·

475 2420 606 2459 xxxvi.
1542 2430 1680 2464 comes,
1694 2417 1864 2468 Magnus
1881 2418 2039 2468 primus,
2052 2410 2217 2471 Mai-tyr,
2234 2419 2337 2458 filius

368 2485 542 2536 Murmy.
560 2484 678 2524 Denn
695 2483 839 2531 Patrio,
857 2484 938 2523 lvii.
1159 2490 1167 2499 ‘
1521 2481 1646 2519 Erlini
1664 2482 1837 2529 secundi,
1850 2482 1919 2520 liii.
1942 2524 1945 2526 ,

492 2549 728 2596 Alexander,
746 2549 826 2588 lvii.
1539 2557 1677 2593 comes,
1701 2546 1867 2596 Magnus
1886 2545 2091 2593 secundus,
2108 2545 2179 2585 liii.

352 2613 569 2665 -Muyethe,
599 2611 794 2666 (Muyhe,)
815 2617 941 2653 rector
959 2614 1119 2653 ecclesio
1142 2613 1205 2661 de,
1229 2615 1350 2654 domi·
1540 2622 1677 2656 eomes,
1691 2611 1861 2661 Magnus
1874 2610 2025 2656 tertius,
2037 2611 2139 2650 filim
2155 2610 2325 2651 Gilbel’fi
2337 2624 2398 2651 ΒΘ·

473 2690 549 2716 nus
563 2678 684 2725 Beda,
705 2677 769 2724 17,
789 2678 921 2716 xxxvi.
1521 2675 1721 2722 cundi,liv.

490 2742 680 2792 Magister
699 2742 760 2781 O'.
779 2754 943 2793 persona
956 2741 1019 2789 de,
1038 2741 1103 2781 23.
1143 2791 1146 2794 ⁴
1413 2762 1522 2770 -——
1540 2751 1678 2786 eomes,
1697 2739 1868 2790 Magnus
1908 2742 2079 2790 quartus,
2117 2739 2219 2778 filius
2257 2740 2394 2791 Magni

1521 2804 1639 2850 tertii,
1657 2804 1723 2842 liv.

1545 2881 1684 2915 comes,
1710 2856 1880 2917 Magnus
1906 2864 2078 2918 quintus,
2097 2866 2199 2906 filius
2218 2867 2380 2906 Joannis

365 2932 538 2979 NESSUS,
556 2932 657 2971 filius
674 2932 868 2979 Willelmi,
880 2943 977 2972 xxv.
1205 2955 1207 2957 ·
1517 2932 1584 2971 liv.

365 2996 589 3044 Nieholaus‚
609 2997 850 3043 camerarius,
869 2997 1004 3036 xxxiii.
1413 3021 1520 3028 —
1537 3009 1674 3041 comes,
1693 2995 1849 3041 Paulus,
1867 2994 1968 3033 filius
1986 2994 2110 3034 Erlini
2125 2993 2250 3045 primi,
2267 2994 2336 3034 liii.

365 3060 574 3112 Norwegie
594 3060 696 3108 Rex,
715 3061 879 3107 Haecin,
896 3061 948 3100 lv.
1539 3073 1679 3107 eomes,
1698 3059 1912 3106 Rolandus,
1932 3059 2001 3097 liii.

2150 3132 2178 3160 15
